%YAML 1.1
%TAG !u! tag:unity3d.com,2011:
--- !u!29 &1
OcclusionCullingSettings:
  m_ObjectHideFlags: 0
  serializedVersion: 2
  m_OcclusionBakeSettings:
    smallestOccluder: 5
    smallestHole: 0.25
    backfaceThreshold: 100
  m_SceneGUID: 00000000000000000000000000000000
  m_OcclusionCullingData: {fileID: 0}
--- !u!104 &2
RenderSettings:
  m_ObjectHideFlags: 0
  serializedVersion: 9
  m_Fog: 1
  m_FogColor: {r: 0.6985294, g: 0.6473795, b: 0.60094076, a: 1}
  m_FogMode: 3
  m_FogDensity: 0.015
  m_LinearFogStart: 0
  m_LinearFogEnd: 300
  m_AmbientSkyColor: {r: 0.212, g: 0.227, b: 0.259, a: 1}
  m_AmbientEquatorColor: {r: 0.114, g: 0.125, b: 0.133, a: 1}
  m_AmbientGroundColor: {r: 0.047, g: 0.043, b: 0.035, a: 1}
  m_AmbientIntensity: 1
  m_AmbientMode: 0
  m_SubtractiveShadowColor: {r: 0.42, g: 0.478, b: 0.627, a: 1}
  m_SkyboxMaterial: {fileID: 10304, guid: 0000000000000000f000000000000000, type: 0}
  m_HaloStrength: 0.5
  m_FlareStrength: 1
  m_FlareFadeSpeed: 3
  m_HaloTexture: {fileID: 0}
  m_SpotCookie: {fileID: 10001, guid: 0000000000000000e000000000000000, type: 0}
  m_DefaultReflectionMode: 0
  m_DefaultReflectionResolution: 128
  m_ReflectionBounces: 1
  m_ReflectionIntensity: 1
  m_CustomReflection: {fileID: 0}
  m_Sun: {fileID: 0}
  m_IndirectSpecularColor: {r: 0.44244227, g: 0.49150968, b: 0.57136345, a: 1}
  m_UseRadianceAmbientProbe: 0
--- !u!157 &3
LightmapSettings:
  m_ObjectHideFlags: 0
  serializedVersion: 11
  m_GIWorkflowMode: 0
  m_GISettings:
    serializedVersion: 2
    m_BounceScale: 1
    m_IndirectOutputScale: 1
    m_AlbedoBoost: 1
    m_EnvironmentLightingMode: 0
    m_EnableBakedLightmaps: 1
    m_EnableRealtimeLightmaps: 1
  m_LightmapEditorSettings:
    serializedVersion: 10
    m_Resolution: 2
    m_BakeResolution: 40
    m_AtlasSize: 1024
    m_AO: 0
    m_AOMaxDistance: 1
    m_CompAOExponent: 1
    m_CompAOExponentDirect: 0
    m_Padding: 2
    m_LightmapParameters: {fileID: 0}
    m_LightmapsBakeMode: 1
    m_TextureCompression: 1
    m_FinalGather: 0
    m_FinalGatherFiltering: 1
    m_FinalGatherRayCount: 256
    m_ReflectionCompression: 2
    m_MixedBakeMode: 2
    m_BakeBackend: 0
    m_PVRSampling: 1
    m_PVRDirectSampleCount: 32
    m_PVRSampleCount: 500
    m_PVRBounces: 2
    m_PVRFilterTypeDirect: 0
    m_PVRFilterTypeIndirect: 0
    m_PVRFilterTypeAO: 0
    m_PVRFilteringMode: 1
    m_PVRCulling: 1
    m_PVRFilteringGaussRadiusDirect: 1
    m_PVRFilteringGaussRadiusIndirect: 5
    m_PVRFilteringGaussRadiusAO: 2
    m_PVRFilteringAtrousPositionSigmaDirect: 0.5
    m_PVRFilteringAtrousPositionSigmaIndirect: 2
    m_PVRFilteringAtrousPositionSigmaAO: 1
    m_ShowResolutionOverlay: 1
  m_LightingDataAsset: {fileID: 0}
  m_UseShadowmask: 1
--- !u!196 &4
NavMeshSettings:
  serializedVersion: 2
  m_ObjectHideFlags: 0
  m_BuildSettings:
    serializedVersion: 2
    agentTypeID: 0
    agentRadius: 0.5
    agentHeight: 2
    agentSlope: 45
    agentClimb: 0.4
    ledgeDropHeight: 0
    maxJumpAcrossDistance: 0
    minRegionArea: 2
    manualCellSize: 0
    cellSize: 0.16666667
    manualTileSize: 0
    tileSize: 256
    accuratePlacement: 0
    debug:
      m_Flags: 0
  m_NavMeshData: {fileID: 0}
--- !u!4 &181720066 stripped
Transform:
  m_CorrespondingSourceObject: {fileID: 4270529496732170, guid: f843e16b504ac5748bc5bfc3748c9e4f,
    type: 3}
  m_PrefabInstance: {fileID: 713642043}
  m_PrefabAsset: {fileID: 0}
--- !u!1001 &220289630
PrefabInstance:
  m_ObjectHideFlags: 0
  serializedVersion: 2
  m_Modification:
    m_TransformParent: {fileID: 1050601336}
    m_Modifications:
    - target: {fileID: 100012, guid: b1122d0a72af023488773c18e16e0f59, type: 3}
      propertyPath: m_Name
      value: Wall_Line_Door_Corridor_Arena_BS (2)
      objectReference: {fileID: 0}
    - target: {fileID: 400012, guid: b1122d0a72af023488773c18e16e0f59, type: 3}
      propertyPath: m_LocalPosition.x
      value: -25.319977
      objectReference: {fileID: 0}
    - target: {fileID: 400012, guid: b1122d0a72af023488773c18e16e0f59, type: 3}
      propertyPath: m_LocalPosition.y
      value: -4.8695498
      objectReference: {fileID: 0}
    - target: {fileID: 400012, guid: b1122d0a72af023488773c18e16e0f59, type: 3}
      propertyPath: m_LocalPosition.z
      value: -15.870087
      objectReference: {fileID: 0}
    - target: {fileID: 400012, guid: b1122d0a72af023488773c18e16e0f59, type: 3}
      propertyPath: m_LocalRotation.x
      value: -0
      objectReference: {fileID: 0}
    - target: {fileID: 400012, guid: b1122d0a72af023488773c18e16e0f59, type: 3}
      propertyPath: m_LocalRotation.y
      value: -0
      objectReference: {fileID: 0}
    - target: {fileID: 400012, guid: b1122d0a72af023488773c18e16e0f59, type: 3}
      propertyPath: m_LocalRotation.z
      value: -0
      objectReference: {fileID: 0}
    - target: {fileID: 400012, guid: b1122d0a72af023488773c18e16e0f59, type: 3}
      propertyPath: m_LocalRotation.w
      value: 1
      objectReference: {fileID: 0}
    - target: {fileID: 400012, guid: b1122d0a72af023488773c18e16e0f59, type: 3}
      propertyPath: m_RootOrder
      value: 4
      objectReference: {fileID: 0}
    - target: {fileID: 400012, guid: b1122d0a72af023488773c18e16e0f59, type: 3}
      propertyPath: m_LocalEulerAnglesHint.x
      value: 0
      objectReference: {fileID: 0}
    - target: {fileID: 400012, guid: b1122d0a72af023488773c18e16e0f59, type: 3}
      propertyPath: m_LocalEulerAnglesHint.y
      value: 0
      objectReference: {fileID: 0}
    - target: {fileID: 400012, guid: b1122d0a72af023488773c18e16e0f59, type: 3}
      propertyPath: m_LocalEulerAnglesHint.z
      value: 0
      objectReference: {fileID: 0}
    m_RemovedComponents: []
  m_SourcePrefab: {fileID: 100100000, guid: b1122d0a72af023488773c18e16e0f59, type: 3}
--- !u!4 &220289631 stripped
Transform:
  m_CorrespondingSourceObject: {fileID: 400012, guid: b1122d0a72af023488773c18e16e0f59,
    type: 3}
  m_PrefabInstance: {fileID: 220289630}
  m_PrefabAsset: {fileID: 0}
--- !u!1 &414955878
GameObject:
  m_ObjectHideFlags: 0
  m_CorrespondingSourceObject: {fileID: 0}
  m_PrefabInstance: {fileID: 0}
  m_PrefabAsset: {fileID: 0}
  serializedVersion: 6
  m_Component:
  - component: {fileID: 414955882}
  - component: {fileID: 414955881}
  - component: {fileID: 414955880}
  - component: {fileID: 414955879}
  m_Layer: 0
  m_Name: Cube
  m_TagString: Untagged
  m_Icon: {fileID: 0}
  m_NavMeshLayer: 0
  m_StaticEditorFlags: 0
  m_IsActive: 1
--- !u!23 &414955879
MeshRenderer:
  m_ObjectHideFlags: 0
  m_CorrespondingSourceObject: {fileID: 0}
  m_PrefabInstance: {fileID: 0}
  m_PrefabAsset: {fileID: 0}
  m_GameObject: {fileID: 414955878}
  m_Enabled: 1
  m_CastShadows: 1
  m_ReceiveShadows: 1
  m_DynamicOccludee: 1
  m_MotionVectors: 1
  m_LightProbeUsage: 1
  m_ReflectionProbeUsage: 1
  m_RenderingLayerMask: 1
  m_RendererPriority: 0
  m_Materials:
  - {fileID: 10303, guid: 0000000000000000f000000000000000, type: 0}
  m_StaticBatchInfo:
    firstSubMesh: 0
    subMeshCount: 0
  m_StaticBatchRoot: {fileID: 0}
  m_ProbeAnchor: {fileID: 0}
  m_LightProbeVolumeOverride: {fileID: 0}
  m_ScaleInLightmap: 1
  m_PreserveUVs: 1
  m_IgnoreNormalsForChartDetection: 0
  m_ImportantGI: 0
  m_StitchLightmapSeams: 0
  m_SelectedEditorRenderState: 3
  m_MinimumChartSize: 4
  m_AutoUVMaxDistance: 0.5
  m_AutoUVMaxAngle: 89
  m_LightmapParameters: {fileID: 0}
  m_SortingLayerID: 0
  m_SortingLayer: 0
  m_SortingOrder: 0
--- !u!65 &414955880
BoxCollider:
  m_ObjectHideFlags: 0
  m_CorrespondingSourceObject: {fileID: 0}
  m_PrefabInstance: {fileID: 0}
  m_PrefabAsset: {fileID: 0}
  m_GameObject: {fileID: 414955878}
  m_Material: {fileID: 0}
  m_IsTrigger: 0
  m_Enabled: 1
  serializedVersion: 2
  m_Size: {x: 1, y: 1, z: 1}
  m_Center: {x: 0, y: 0, z: 0}
--- !u!33 &414955881
MeshFilter:
  m_ObjectHideFlags: 0
  m_CorrespondingSourceObject: {fileID: 0}
  m_PrefabInstance: {fileID: 0}
  m_PrefabAsset: {fileID: 0}
  m_GameObject: {fileID: 414955878}
  m_Mesh: {fileID: 10202, guid: 0000000000000000e000000000000000, type: 0}
--- !u!4 &414955882
Transform:
  m_ObjectHideFlags: 0
  m_CorrespondingSourceObject: {fileID: 0}
  m_PrefabInstance: {fileID: 0}
  m_PrefabAsset: {fileID: 0}
  m_GameObject: {fileID: 414955878}
  m_LocalRotation: {x: 0, y: 0, z: 0, w: 1}
  m_LocalPosition: {x: 287.63, y: -1.51, z: 298.263}
  m_LocalScale: {x: 0.5, y: 2, z: 0.5}
  m_Children: []
  m_Father: {fileID: 0}
  m_RootOrder: 1
  m_LocalEulerAnglesHint: {x: 0, y: 0, z: 0}
--- !u!1 &481607611
GameObject:
  m_ObjectHideFlags: 0
  m_CorrespondingSourceObject: {fileID: 0}
  m_PrefabInstance: {fileID: 0}
  m_PrefabAsset: {fileID: 0}
  serializedVersion: 6
  m_Component:
  - component: {fileID: 481607612}
  m_Layer: 0
  m_Name: Arena
  m_TagString: Untagged
  m_Icon: {fileID: 0}
  m_NavMeshLayer: 0
  m_StaticEditorFlags: 0
  m_IsActive: 1
--- !u!4 &481607612
Transform:
  m_ObjectHideFlags: 0
  m_CorrespondingSourceObject: {fileID: 0}
  m_PrefabInstance: {fileID: 0}
  m_PrefabAsset: {fileID: 0}
  m_GameObject: {fileID: 481607611}
  m_LocalRotation: {x: 0, y: 0, z: 0, w: 1}
  m_LocalPosition: {x: 312.24063, y: 1.8393555, z: 298.18906}
  m_LocalScale: {x: 1, y: 1, z: 1}
  m_Children: []
  m_Father: {fileID: 0}
  m_RootOrder: 5
  m_LocalEulerAnglesHint: {x: 0, y: 0, z: 0}
--- !u!1001 &605718597
PrefabInstance:
  m_ObjectHideFlags: 0
  serializedVersion: 2
  m_Modification:
    m_TransformParent: {fileID: 1050601336}
    m_Modifications:
    - target: {fileID: 100000, guid: 18260f31ac293de42a81915865960045, type: 3}
      propertyPath: m_Name
      value: Column_Arena_BS (1)
      objectReference: {fileID: 0}
    - target: {fileID: 400000, guid: 18260f31ac293de42a81915865960045, type: 3}
      propertyPath: m_LocalPosition.x
      value: -14.4999695
      objectReference: {fileID: 0}
    - target: {fileID: 400000, guid: 18260f31ac293de42a81915865960045, type: 3}
      propertyPath: m_LocalPosition.y
      value: -5.1483727
      objectReference: {fileID: 0}
    - target: {fileID: 400000, guid: 18260f31ac293de42a81915865960045, type: 3}
      propertyPath: m_LocalPosition.z
      value: -23.348633
      objectReference: {fileID: 0}
    - target: {fileID: 400000, guid: 18260f31ac293de42a81915865960045, type: 3}
      propertyPath: m_LocalRotation.x
      value: -0
      objectReference: {fileID: 0}
    - target: {fileID: 400000, guid: 18260f31ac293de42a81915865960045, type: 3}
      propertyPath: m_LocalRotation.y
      value: -0
      objectReference: {fileID: 0}
    - target: {fileID: 400000, guid: 18260f31ac293de42a81915865960045, type: 3}
      propertyPath: m_LocalRotation.z
      value: -0
      objectReference: {fileID: 0}
    - target: {fileID: 400000, guid: 18260f31ac293de42a81915865960045, type: 3}
      propertyPath: m_LocalRotation.w
      value: 1
      objectReference: {fileID: 0}
    - target: {fileID: 400000, guid: 18260f31ac293de42a81915865960045, type: 3}
      propertyPath: m_RootOrder
      value: 9
      objectReference: {fileID: 0}
    - target: {fileID: 400000, guid: 18260f31ac293de42a81915865960045, type: 3}
      propertyPath: m_LocalEulerAnglesHint.x
      value: 0
      objectReference: {fileID: 0}
    - target: {fileID: 400000, guid: 18260f31ac293de42a81915865960045, type: 3}
      propertyPath: m_LocalEulerAnglesHint.y
      value: 0
      objectReference: {fileID: 0}
    - target: {fileID: 400000, guid: 18260f31ac293de42a81915865960045, type: 3}
      propertyPath: m_LocalEulerAnglesHint.z
      value: 0
      objectReference: {fileID: 0}
    m_RemovedComponents: []
  m_SourcePrefab: {fileID: 100100000, guid: 18260f31ac293de42a81915865960045, type: 3}
--- !u!4 &605718598 stripped
Transform:
  m_CorrespondingSourceObject: {fileID: 400000, guid: 18260f31ac293de42a81915865960045,
    type: 3}
  m_PrefabInstance: {fileID: 605718597}
  m_PrefabAsset: {fileID: 0}
--- !u!1 &606754488
GameObject:
  m_ObjectHideFlags: 0
  m_CorrespondingSourceObject: {fileID: 0}
  m_PrefabInstance: {fileID: 0}
  m_PrefabAsset: {fileID: 0}
  serializedVersion: 6
  m_Component:
  - component: {fileID: 606754490}
  - component: {fileID: 606754489}
  m_Layer: 0
  m_Name: Directional Light
  m_TagString: Untagged
  m_Icon: {fileID: 0}
  m_NavMeshLayer: 0
  m_StaticEditorFlags: 0
  m_IsActive: 1
--- !u!108 &606754489
Light:
  m_ObjectHideFlags: 0
  m_CorrespondingSourceObject: {fileID: 0}
  m_PrefabInstance: {fileID: 0}
  m_PrefabAsset: {fileID: 0}
  m_GameObject: {fileID: 606754488}
  m_Enabled: 1
  serializedVersion: 8
  m_Type: 1
  m_Color: {r: 1, g: 0.95686275, b: 0.8392157, a: 1}
  m_Intensity: 1.2
  m_Range: 10
  m_SpotAngle: 30
  m_CookieSize: 10
  m_Shadows:
    m_Type: 2
    m_Resolution: -1
    m_CustomResolution: -1
    m_Strength: 1
    m_Bias: 0.05
    m_NormalBias: 0.4
    m_NearPlane: 0.2
  m_Cookie: {fileID: 0}
  m_DrawHalo: 0
  m_Flare: {fileID: 0}
  m_RenderMode: 0
  m_CullingMask:
    serializedVersion: 2
    m_Bits: 4294967295
  m_Lightmapping: 4
  m_LightShadowCasterMode: 0
  m_AreaSize: {x: 1, y: 1}
  m_BounceIntensity: 1
  m_ColorTemperature: 6570
  m_UseColorTemperature: 0
  m_ShadowRadius: 0
  m_ShadowAngle: 0
--- !u!4 &606754490
Transform:
  m_ObjectHideFlags: 0
  m_CorrespondingSourceObject: {fileID: 0}
  m_PrefabInstance: {fileID: 0}
  m_PrefabAsset: {fileID: 0}
  m_GameObject: {fileID: 606754488}
  m_LocalRotation: {x: 0.73187983, y: -0.3953615, z: 0.39966515, w: 0.3851092}
  m_LocalPosition: {x: 298.7, y: 0, z: 294.9}
  m_LocalScale: {x: 1, y: 1, z: 1}
  m_Children: []
  m_Father: {fileID: 0}
  m_RootOrder: 0
  m_LocalEulerAnglesHint: {x: 61.610004, y: 143.847, z: 214.73099}
--- !u!1001 &628662046
PrefabInstance:
  m_ObjectHideFlags: 0
  serializedVersion: 2
  m_Modification:
    m_TransformParent: {fileID: 1050601336}
    m_Modifications:
    - target: {fileID: 100012, guid: b1122d0a72af023488773c18e16e0f59, type: 3}
      propertyPath: m_Name
      value: Wall_Line_Door_Corridor_Arena_BS (3)
      objectReference: {fileID: 0}
    - target: {fileID: 400012, guid: b1122d0a72af023488773c18e16e0f59, type: 3}
      propertyPath: m_LocalPosition.x
      value: 5.6300354
      objectReference: {fileID: 0}
    - target: {fileID: 400012, guid: b1122d0a72af023488773c18e16e0f59, type: 3}
      propertyPath: m_LocalPosition.y
      value: -4.8695498
      objectReference: {fileID: 0}
    - target: {fileID: 400012, guid: b1122d0a72af023488773c18e16e0f59, type: 3}
      propertyPath: m_LocalPosition.z
      value: -16.470062
      objectReference: {fileID: 0}
    - target: {fileID: 400012, guid: b1122d0a72af023488773c18e16e0f59, type: 3}
      propertyPath: m_LocalRotation.x
      value: -0
      objectReference: {fileID: 0}
    - target: {fileID: 400012, guid: b1122d0a72af023488773c18e16e0f59, type: 3}
      propertyPath: m_LocalRotation.y
      value: 1
      objectReference: {fileID: 0}
    - target: {fileID: 400012, guid: b1122d0a72af023488773c18e16e0f59, type: 3}
      propertyPath: m_LocalRotation.z
      value: -0
      objectReference: {fileID: 0}
    - target: {fileID: 400012, guid: b1122d0a72af023488773c18e16e0f59, type: 3}
      propertyPath: m_LocalRotation.w
      value: 0.0000029504295
      objectReference: {fileID: 0}
    - target: {fileID: 400012, guid: b1122d0a72af023488773c18e16e0f59, type: 3}
      propertyPath: m_RootOrder
      value: 8
      objectReference: {fileID: 0}
    - target: {fileID: 400012, guid: b1122d0a72af023488773c18e16e0f59, type: 3}
      propertyPath: m_LocalEulerAnglesHint.x
      value: 0
      objectReference: {fileID: 0}
    - target: {fileID: 400012, guid: b1122d0a72af023488773c18e16e0f59, type: 3}
      propertyPath: m_LocalEulerAnglesHint.y
      value: 180.00002
      objectReference: {fileID: 0}
    - target: {fileID: 400012, guid: b1122d0a72af023488773c18e16e0f59, type: 3}
      propertyPath: m_LocalEulerAnglesHint.z
      value: 0
      objectReference: {fileID: 0}
    m_RemovedComponents: []
  m_SourcePrefab: {fileID: 100100000, guid: b1122d0a72af023488773c18e16e0f59, type: 3}
--- !u!4 &628662047 stripped
Transform:
  m_CorrespondingSourceObject: {fileID: 400012, guid: b1122d0a72af023488773c18e16e0f59,
    type: 3}
  m_PrefabInstance: {fileID: 628662046}
  m_PrefabAsset: {fileID: 0}
--- !u!1 &689235955
GameObject:
  m_ObjectHideFlags: 0
  m_CorrespondingSourceObject: {fileID: 0}
  m_PrefabInstance: {fileID: 0}
  m_PrefabAsset: {fileID: 0}
  serializedVersion: 6
  m_Component:
  - component: {fileID: 689235957}
  - component: {fileID: 689235956}
  m_Layer: 0
  m_Name: Reflection Probe (5)
  m_TagString: Untagged
  m_Icon: {fileID: 0}
  m_NavMeshLayer: 0
  m_StaticEditorFlags: 0
  m_IsActive: 1
--- !u!215 &689235956
ReflectionProbe:
  m_ObjectHideFlags: 0
  m_CorrespondingSourceObject: {fileID: 0}
  m_PrefabInstance: {fileID: 0}
  m_PrefabAsset: {fileID: 0}
  m_GameObject: {fileID: 689235955}
  m_Enabled: 1
  serializedVersion: 2
  m_Type: 0
  m_Mode: 0
  m_RefreshMode: 0
  m_TimeSlicingMode: 0
  m_Resolution: 128
  m_UpdateFrequency: 0
  m_BoxSize: {x: 16.49, y: 12.6, z: 17.53}
  m_BoxOffset: {x: 0, y: 0, z: 0}
  m_NearClip: 0.3
  m_FarClip: 1000
  m_ShadowDistance: 100
  m_ClearFlags: 1
  m_BackGroundColor: {r: 0.19215687, g: 0.3019608, b: 0.4745098, a: 0}
  m_CullingMask:
    serializedVersion: 2
    m_Bits: 4294967295
  m_IntensityMultiplier: 1
  m_BlendDistance: 1
  m_HDR: 1
  m_BoxProjection: 0
  m_RenderDynamicObjects: 0
  m_UseOcclusionCulling: 1
  m_Importance: 1
  m_CustomBakedTexture: {fileID: 0}
--- !u!4 &689235957
Transform:
  m_ObjectHideFlags: 0
  m_CorrespondingSourceObject: {fileID: 0}
  m_PrefabInstance: {fileID: 0}
  m_PrefabAsset: {fileID: 0}
  m_GameObject: {fileID: 689235955}
  m_LocalRotation: {x: -0, y: -0, z: -0, w: 1}
  m_LocalPosition: {x: -19.309967, y: -0.22837257, z: -31.820068}
  m_LocalScale: {x: 1, y: 1, z: 3.7797084}
  m_Children: []
  m_Father: {fileID: 1050601336}
  m_RootOrder: 19
  m_LocalEulerAnglesHint: {x: 0, y: 0, z: 0}
--- !u!1001 &712350163
PrefabInstance:
  m_ObjectHideFlags: 0
  serializedVersion: 2
  m_Modification:
    m_TransformParent: {fileID: 1050601336}
    m_Modifications:
    - target: {fileID: 100012, guid: 982f0d7bbd15170419e642ed586958a7, type: 3}
      propertyPath: m_Name
      value: Wall_Angle_Door_Corridor_Arena_BS
      objectReference: {fileID: 0}
    - target: {fileID: 400000, guid: 982f0d7bbd15170419e642ed586958a7, type: 3}
      propertyPath: m_LocalRotation.x
      value: -0
      objectReference: {fileID: 0}
    - target: {fileID: 400000, guid: 982f0d7bbd15170419e642ed586958a7, type: 3}
      propertyPath: m_LocalRotation.y
      value: -0.50683254
      objectReference: {fileID: 0}
    - target: {fileID: 400000, guid: 982f0d7bbd15170419e642ed586958a7, type: 3}
      propertyPath: m_LocalRotation.w
      value: 0.8620446
      objectReference: {fileID: 0}
    - target: {fileID: 400000, guid: 982f0d7bbd15170419e642ed586958a7, type: 3}
      propertyPath: m_LocalEulerAnglesHint.y
      value: -60.906002
      objectReference: {fileID: 0}
    - target: {fileID: 400002, guid: 982f0d7bbd15170419e642ed586958a7, type: 3}
      propertyPath: m_LocalRotation.x
      value: -1.9456079e-17
      objectReference: {fileID: 0}
    - target: {fileID: 400002, guid: 982f0d7bbd15170419e642ed586958a7, type: 3}
      propertyPath: m_LocalRotation.y
      value: 0.5301574
      objectReference: {fileID: 0}
    - target: {fileID: 400002, guid: 982f0d7bbd15170419e642ed586958a7, type: 3}
      propertyPath: m_LocalRotation.z
      value: -8.438165e-17
      objectReference: {fileID: 0}
    - target: {fileID: 400002, guid: 982f0d7bbd15170419e642ed586958a7, type: 3}
      propertyPath: m_LocalRotation.w
      value: 0.84789926
      objectReference: {fileID: 0}
    - target: {fileID: 400002, guid: 982f0d7bbd15170419e642ed586958a7, type: 3}
      propertyPath: m_LocalEulerAnglesHint.y
      value: 64.032005
      objectReference: {fileID: 0}
    - target: {fileID: 400004, guid: 982f0d7bbd15170419e642ed586958a7, type: 3}
      propertyPath: m_LocalRotation.x
      value: -0
      objectReference: {fileID: 0}
    - target: {fileID: 400004, guid: 982f0d7bbd15170419e642ed586958a7, type: 3}
      propertyPath: m_LocalRotation.y
      value: 0.56585014
      objectReference: {fileID: 0}
    - target: {fileID: 400004, guid: 982f0d7bbd15170419e642ed586958a7, type: 3}
      propertyPath: m_LocalRotation.w
      value: 0.8245082
      objectReference: {fileID: 0}
    - target: {fileID: 400004, guid: 982f0d7bbd15170419e642ed586958a7, type: 3}
      propertyPath: m_LocalEulerAnglesHint.y
      value: 68.923004
      objectReference: {fileID: 0}
    - target: {fileID: 400006, guid: 982f0d7bbd15170419e642ed586958a7, type: 3}
      propertyPath: m_LocalRotation.x
      value: 8.578471e-17
      objectReference: {fileID: 0}
    - target: {fileID: 400006, guid: 982f0d7bbd15170419e642ed586958a7, type: 3}
      propertyPath: m_LocalRotation.y
      value: 0.6039425
      objectReference: {fileID: 0}
    - target: {fileID: 400006, guid: 982f0d7bbd15170419e642ed586958a7, type: 3}
      propertyPath: m_LocalRotation.z
      value: 1.1823078e-17
      objectReference: {fileID: 0}
    - target: {fileID: 400006, guid: 982f0d7bbd15170419e642ed586958a7, type: 3}
      propertyPath: m_LocalRotation.w
      value: -0.79702795
      objectReference: {fileID: 0}
    - target: {fileID: 400006, guid: 982f0d7bbd15170419e642ed586958a7, type: 3}
      propertyPath: m_LocalEulerAnglesHint.y
      value: -74.306
      objectReference: {fileID: 0}
    - target: {fileID: 400012, guid: 982f0d7bbd15170419e642ed586958a7, type: 3}
      propertyPath: m_LocalPosition.x
      value: -0.39996338
      objectReference: {fileID: 0}
    - target: {fileID: 400012, guid: 982f0d7bbd15170419e642ed586958a7, type: 3}
      propertyPath: m_LocalPosition.y
      value: -4.859481
      objectReference: {fileID: 0}
    - target: {fileID: 400012, guid: 982f0d7bbd15170419e642ed586958a7, type: 3}
      propertyPath: m_LocalPosition.z
      value: -32.730072
      objectReference: {fileID: 0}
    - target: {fileID: 400012, guid: 982f0d7bbd15170419e642ed586958a7, type: 3}
      propertyPath: m_LocalRotation.x
      value: -0
      objectReference: {fileID: 0}
    - target: {fileID: 400012, guid: 982f0d7bbd15170419e642ed586958a7, type: 3}
      propertyPath: m_LocalRotation.y
      value: -0.707107
      objectReference: {fileID: 0}
    - target: {fileID: 400012, guid: 982f0d7bbd15170419e642ed586958a7, type: 3}
      propertyPath: m_LocalRotation.z
      value: -0
      objectReference: {fileID: 0}
    - target: {fileID: 400012, guid: 982f0d7bbd15170419e642ed586958a7, type: 3}
      propertyPath: m_LocalRotation.w
      value: 0.7071066
      objectReference: {fileID: 0}
    - target: {fileID: 400012, guid: 982f0d7bbd15170419e642ed586958a7, type: 3}
      propertyPath: m_RootOrder
      value: 5
      objectReference: {fileID: 0}
    - target: {fileID: 400012, guid: 982f0d7bbd15170419e642ed586958a7, type: 3}
      propertyPath: m_LocalEulerAnglesHint.x
      value: 0
      objectReference: {fileID: 0}
    - target: {fileID: 400012, guid: 982f0d7bbd15170419e642ed586958a7, type: 3}
      propertyPath: m_LocalEulerAnglesHint.y
      value: -90.00001
      objectReference: {fileID: 0}
    - target: {fileID: 400012, guid: 982f0d7bbd15170419e642ed586958a7, type: 3}
      propertyPath: m_LocalEulerAnglesHint.z
      value: 0
      objectReference: {fileID: 0}
    m_RemovedComponents: []
  m_SourcePrefab: {fileID: 100100000, guid: 982f0d7bbd15170419e642ed586958a7, type: 3}
--- !u!4 &712350164 stripped
Transform:
  m_CorrespondingSourceObject: {fileID: 400012, guid: 982f0d7bbd15170419e642ed586958a7,
    type: 3}
  m_PrefabInstance: {fileID: 712350163}
  m_PrefabAsset: {fileID: 0}
--- !u!1001 &713642043
PrefabInstance:
  m_ObjectHideFlags: 0
  serializedVersion: 2
  m_Modification:
    m_TransformParent: {fileID: 1050601336}
    m_Modifications:
    - target: {fileID: 1530151402923332, guid: f843e16b504ac5748bc5bfc3748c9e4f, type: 3}
      propertyPath: m_Name
      value: Particle_Dust (1)
      objectReference: {fileID: 0}
    - target: {fileID: 4270529496732170, guid: f843e16b504ac5748bc5bfc3748c9e4f, type: 3}
      propertyPath: m_LocalPosition.x
      value: -9.429962
      objectReference: {fileID: 0}
    - target: {fileID: 4270529496732170, guid: f843e16b504ac5748bc5bfc3748c9e4f, type: 3}
      propertyPath: m_LocalPosition.y
      value: -4.238373
      objectReference: {fileID: 0}
    - target: {fileID: 4270529496732170, guid: f843e16b504ac5748bc5bfc3748c9e4f, type: 3}
      propertyPath: m_LocalPosition.z
      value: -18.55008
      objectReference: {fileID: 0}
    - target: {fileID: 4270529496732170, guid: f843e16b504ac5748bc5bfc3748c9e4f, type: 3}
      propertyPath: m_LocalRotation.x
      value: -0.503082
      objectReference: {fileID: 0}
    - target: {fileID: 4270529496732170, guid: f843e16b504ac5748bc5bfc3748c9e4f, type: 3}
      propertyPath: m_LocalRotation.y
      value: -0.49689892
      objectReference: {fileID: 0}
    - target: {fileID: 4270529496732170, guid: f843e16b504ac5748bc5bfc3748c9e4f, type: 3}
      propertyPath: m_LocalRotation.z
      value: -0.49689892
      objectReference: {fileID: 0}
    - target: {fileID: 4270529496732170, guid: f843e16b504ac5748bc5bfc3748c9e4f, type: 3}
      propertyPath: m_LocalRotation.w
      value: 0.503082
      objectReference: {fileID: 0}
    - target: {fileID: 4270529496732170, guid: f843e16b504ac5748bc5bfc3748c9e4f, type: 3}
      propertyPath: m_RootOrder
      value: 13
      objectReference: {fileID: 0}
    - target: {fileID: 4270529496732170, guid: f843e16b504ac5748bc5bfc3748c9e4f, type: 3}
      propertyPath: m_LocalScale.x
      value: 1
      objectReference: {fileID: 0}
    - target: {fileID: 4270529496732170, guid: f843e16b504ac5748bc5bfc3748c9e4f, type: 3}
      propertyPath: m_LocalScale.y
      value: 1
      objectReference: {fileID: 0}
    - target: {fileID: 198995240846525750, guid: f843e16b504ac5748bc5bfc3748c9e4f,
        type: 3}
      propertyPath: scalingMode
      value: 2
      objectReference: {fileID: 0}
    - target: {fileID: 198995240846525750, guid: f843e16b504ac5748bc5bfc3748c9e4f,
        type: 3}
      propertyPath: randomSeed
      value: 1038939610
      objectReference: {fileID: 0}
    - target: {fileID: 198995240846525750, guid: f843e16b504ac5748bc5bfc3748c9e4f,
        type: 3}
      propertyPath: InitialModule.gravityModifier.scalar
      value: -0.01
      objectReference: {fileID: 0}
    - target: {fileID: 198995240846525750, guid: f843e16b504ac5748bc5bfc3748c9e4f,
        type: 3}
      propertyPath: ColorModule.gradient.maxGradient.key2.r
      value: 0.5808823
      objectReference: {fileID: 0}
    - target: {fileID: 198995240846525750, guid: f843e16b504ac5748bc5bfc3748c9e4f,
        type: 3}
      propertyPath: ColorModule.gradient.maxGradient.key2.g
      value: 0.5808823
      objectReference: {fileID: 0}
    - target: {fileID: 198995240846525750, guid: f843e16b504ac5748bc5bfc3748c9e4f,
        type: 3}
      propertyPath: ColorModule.gradient.maxGradient.key2.b
      value: 0.5808823
      objectReference: {fileID: 0}
    - target: {fileID: 198995240846525750, guid: f843e16b504ac5748bc5bfc3748c9e4f,
        type: 3}
      propertyPath: ColorModule.gradient.maxGradient.ctime1
      value: 18119
      objectReference: {fileID: 0}
    - target: {fileID: 198995240846525750, guid: f843e16b504ac5748bc5bfc3748c9e4f,
        type: 3}
      propertyPath: ColorModule.gradient.maxGradient.ctime2
      value: 33539
      objectReference: {fileID: 0}
    - target: {fileID: 198995240846525750, guid: f843e16b504ac5748bc5bfc3748c9e4f,
        type: 3}
      propertyPath: ColorModule.gradient.maxGradient.ctime3
      value: 51464
      objectReference: {fileID: 0}
    - target: {fileID: 198995240846525750, guid: f843e16b504ac5748bc5bfc3748c9e4f,
        type: 3}
      propertyPath: ColorModule.gradient.maxGradient.m_NumColorKeys
      value: 5
      objectReference: {fileID: 0}
    - target: {fileID: 198995240846525750, guid: f843e16b504ac5748bc5bfc3748c9e4f,
        type: 3}
      propertyPath: ColorModule.gradient.maxGradient.key1.r
      value: 1
      objectReference: {fileID: 0}
    - target: {fileID: 198995240846525750, guid: f843e16b504ac5748bc5bfc3748c9e4f,
        type: 3}
      propertyPath: ColorModule.gradient.maxGradient.key1.g
      value: 1
      objectReference: {fileID: 0}
    - target: {fileID: 198995240846525750, guid: f843e16b504ac5748bc5bfc3748c9e4f,
        type: 3}
      propertyPath: ColorModule.gradient.maxGradient.key1.b
      value: 1
      objectReference: {fileID: 0}
    - target: {fileID: 198995240846525750, guid: f843e16b504ac5748bc5bfc3748c9e4f,
        type: 3}
      propertyPath: playOnAwake
      value: 1
      objectReference: {fileID: 0}
    - target: {fileID: 198995240846525750, guid: f843e16b504ac5748bc5bfc3748c9e4f,
        type: 3}
      propertyPath: InitialModule.maxNumParticles
      value: 1000
      objectReference: {fileID: 0}
    - target: {fileID: 198995240846525750, guid: f843e16b504ac5748bc5bfc3748c9e4f,
        type: 3}
      propertyPath: autoRandomSeed
      value: 1
      objectReference: {fileID: 0}
    - target: {fileID: 198995240846525750, guid: f843e16b504ac5748bc5bfc3748c9e4f,
        type: 3}
      propertyPath: InitialModule.size3D
      value: 1
      objectReference: {fileID: 0}
    - target: {fileID: 198995240846525750, guid: f843e16b504ac5748bc5bfc3748c9e4f,
        type: 3}
      propertyPath: prewarm
      value: 1
      objectReference: {fileID: 0}
    - target: {fileID: 198995240846525750, guid: f843e16b504ac5748bc5bfc3748c9e4f,
        type: 3}
      propertyPath: SizeModule.curve.minMaxState
      value: 3
      objectReference: {fileID: 0}
    - target: {fileID: 198995240846525750, guid: f843e16b504ac5748bc5bfc3748c9e4f,
        type: 3}
      propertyPath: SizeModule.y.minMaxState
      value: 3
      objectReference: {fileID: 0}
    - target: {fileID: 198995240846525750, guid: f843e16b504ac5748bc5bfc3748c9e4f,
        type: 3}
      propertyPath: SizeModule.z.minMaxState
      value: 3
      objectReference: {fileID: 0}
    - target: {fileID: 198995240846525750, guid: f843e16b504ac5748bc5bfc3748c9e4f,
        type: 3}
      propertyPath: SizeModule.enabled
      value: 0
      objectReference: {fileID: 0}
    - target: {fileID: 198995240846525750, guid: f843e16b504ac5748bc5bfc3748c9e4f,
        type: 3}
      propertyPath: SizeModule.separateAxes
      value: 0
      objectReference: {fileID: 0}
    - target: {fileID: 198995240846525750, guid: f843e16b504ac5748bc5bfc3748c9e4f,
        type: 3}
      propertyPath: looping
      value: 1
      objectReference: {fileID: 0}
    - target: {fileID: 198995240846525750, guid: f843e16b504ac5748bc5bfc3748c9e4f,
        type: 3}
      propertyPath: InitialModule.startLifetime.scalar
      value: 1
      objectReference: {fileID: 0}
    - target: {fileID: 198995240846525750, guid: f843e16b504ac5748bc5bfc3748c9e4f,
        type: 3}
      propertyPath: EmissionModule.rateOverTime.scalar
      value: 100
      objectReference: {fileID: 0}
    - target: {fileID: 198995240846525750, guid: f843e16b504ac5748bc5bfc3748c9e4f,
        type: 3}
      propertyPath: ColorModule.gradient.maxGradient.key0.r
      value: 0
      objectReference: {fileID: 0}
    - target: {fileID: 198995240846525750, guid: f843e16b504ac5748bc5bfc3748c9e4f,
        type: 3}
      propertyPath: ColorModule.gradient.maxGradient.key0.g
      value: 0
      objectReference: {fileID: 0}
    - target: {fileID: 198995240846525750, guid: f843e16b504ac5748bc5bfc3748c9e4f,
        type: 3}
      propertyPath: ColorModule.gradient.maxGradient.key0.b
      value: 0
      objectReference: {fileID: 0}
    - target: {fileID: 198995240846525750, guid: f843e16b504ac5748bc5bfc3748c9e4f,
        type: 3}
      propertyPath: ColorModule.gradient.maxGradient.key3.r
      value: 1
      objectReference: {fileID: 0}
    - target: {fileID: 198995240846525750, guid: f843e16b504ac5748bc5bfc3748c9e4f,
        type: 3}
      propertyPath: ColorModule.gradient.maxGradient.key3.g
      value: 1
      objectReference: {fileID: 0}
    - target: {fileID: 198995240846525750, guid: f843e16b504ac5748bc5bfc3748c9e4f,
        type: 3}
      propertyPath: ColorModule.gradient.maxGradient.key3.b
      value: 1
      objectReference: {fileID: 0}
    - target: {fileID: 198995240846525750, guid: f843e16b504ac5748bc5bfc3748c9e4f,
        type: 3}
      propertyPath: ColorModule.gradient.maxGradient.ctime4
      value: 65535
      objectReference: {fileID: 0}
    - target: {fileID: 198995240846525750, guid: f843e16b504ac5748bc5bfc3748c9e4f,
        type: 3}
      propertyPath: InitialModule.startSize.scalar
      value: 1
      objectReference: {fileID: 0}
    - target: {fileID: 198995240846525750, guid: f843e16b504ac5748bc5bfc3748c9e4f,
        type: 3}
      propertyPath: simulationSpeed
      value: 0.5
      objectReference: {fileID: 0}
    - target: {fileID: 198995240846525750, guid: f843e16b504ac5748bc5bfc3748c9e4f,
        type: 3}
      propertyPath: InitialModule.startSpeed.scalar
      value: 0.2
      objectReference: {fileID: 0}
    - target: {fileID: 198995240846525750, guid: f843e16b504ac5748bc5bfc3748c9e4f,
        type: 3}
      propertyPath: VelocityModule.enabled
      value: 1
      objectReference: {fileID: 0}
    - target: {fileID: 198995240846525750, guid: f843e16b504ac5748bc5bfc3748c9e4f,
        type: 3}
      propertyPath: ClampVelocityModule.enabled
      value: 0
      objectReference: {fileID: 0}
    - target: {fileID: 198995240846525750, guid: f843e16b504ac5748bc5bfc3748c9e4f,
        type: 3}
      propertyPath: InheritVelocityModule.enabled
      value: 0
      objectReference: {fileID: 0}
    - target: {fileID: 198995240846525750, guid: f843e16b504ac5748bc5bfc3748c9e4f,
        type: 3}
      propertyPath: VelocityModule.y.scalar
      value: 0
      objectReference: {fileID: 0}
    - target: {fileID: 198995240846525750, guid: f843e16b504ac5748bc5bfc3748c9e4f,
        type: 3}
      propertyPath: VelocityModule.y.minScalar
      value: 0
      objectReference: {fileID: 0}
    - target: {fileID: 198995240846525750, guid: f843e16b504ac5748bc5bfc3748c9e4f,
        type: 3}
      propertyPath: VelocityModule.z.scalar
      value: 0
      objectReference: {fileID: 0}
    - target: {fileID: 198995240846525750, guid: f843e16b504ac5748bc5bfc3748c9e4f,
        type: 3}
      propertyPath: VelocityModule.z.minScalar
      value: 0
      objectReference: {fileID: 0}
    - target: {fileID: 198995240846525750, guid: f843e16b504ac5748bc5bfc3748c9e4f,
        type: 3}
      propertyPath: ForceModule.enabled
      value: 1
      objectReference: {fileID: 0}
    - target: {fileID: 198995240846525750, guid: f843e16b504ac5748bc5bfc3748c9e4f,
        type: 3}
      propertyPath: VelocityModule.x.minMaxState
      value: 0
      objectReference: {fileID: 0}
    - target: {fileID: 198995240846525750, guid: f843e16b504ac5748bc5bfc3748c9e4f,
        type: 3}
      propertyPath: VelocityModule.y.minMaxState
      value: 0
      objectReference: {fileID: 0}
    - target: {fileID: 198995240846525750, guid: f843e16b504ac5748bc5bfc3748c9e4f,
        type: 3}
      propertyPath: VelocityModule.z.minMaxState
      value: 0
      objectReference: {fileID: 0}
    - target: {fileID: 198995240846525750, guid: f843e16b504ac5748bc5bfc3748c9e4f,
        type: 3}
      propertyPath: VelocityModule.x.scalar
      value: 2
      objectReference: {fileID: 0}
    - target: {fileID: 198995240846525750, guid: f843e16b504ac5748bc5bfc3748c9e4f,
        type: 3}
      propertyPath: ColorBySpeedModule.enabled
      value: 1
      objectReference: {fileID: 0}
    - target: {fileID: 198995240846525750, guid: f843e16b504ac5748bc5bfc3748c9e4f,
        type: 3}
      propertyPath: ColorModule.enabled
      value: 1
      objectReference: {fileID: 0}
    - target: {fileID: 198995240846525750, guid: f843e16b504ac5748bc5bfc3748c9e4f,
        type: 3}
      propertyPath: ShapeModule.enabled
      value: 1
      objectReference: {fileID: 0}
    - target: {fileID: 198995240846525750, guid: f843e16b504ac5748bc5bfc3748c9e4f,
        type: 3}
      propertyPath: ShapeModule.angle
      value: 69.2
      objectReference: {fileID: 0}
    - target: {fileID: 198995240846525750, guid: f843e16b504ac5748bc5bfc3748c9e4f,
        type: 3}
      propertyPath: ShapeModule.radius.value
      value: 14.9
      objectReference: {fileID: 0}
    - target: {fileID: 198995240846525750, guid: f843e16b504ac5748bc5bfc3748c9e4f,
        type: 3}
      propertyPath: RotationBySpeedModule.curve.scalar
      value: 1.5707963
      objectReference: {fileID: 0}
    - target: {fileID: 198995240846525750, guid: f843e16b504ac5748bc5bfc3748c9e4f,
        type: 3}
      propertyPath: RotationBySpeedModule.separateAxes
      value: 1
      objectReference: {fileID: 0}
    - target: {fileID: 198995240846525750, guid: f843e16b504ac5748bc5bfc3748c9e4f,
        type: 3}
      propertyPath: RotationBySpeedModule.x.scalar
      value: -1.5707963
      objectReference: {fileID: 0}
    - target: {fileID: 199303052821899542, guid: f843e16b504ac5748bc5bfc3748c9e4f,
        type: 3}
      propertyPath: m_Materials.Array.data[0]
      value: 
      objectReference: {fileID: 2100000, guid: 61aef3d107d3cc743a99945931d55145, type: 2}
    - target: {fileID: 199303052821899542, guid: f843e16b504ac5748bc5bfc3748c9e4f,
        type: 3}
      propertyPath: m_Materials.Array.data[1]
      value: 
      objectReference: {fileID: 2100000, guid: 61aef3d107d3cc743a99945931d55145, type: 2}
    m_RemovedComponents: []
  m_SourcePrefab: {fileID: 100100000, guid: f843e16b504ac5748bc5bfc3748c9e4f, type: 3}
--- !u!1 &715707297
GameObject:
  m_ObjectHideFlags: 0
  m_CorrespondingSourceObject: {fileID: 0}
  m_PrefabInstance: {fileID: 0}
  m_PrefabAsset: {fileID: 0}
  serializedVersion: 6
  m_Component:
  - component: {fileID: 715707299}
  - component: {fileID: 715707298}
  m_Layer: 0
  m_Name: Reflection Probe (6)
  m_TagString: Untagged
  m_Icon: {fileID: 0}
  m_NavMeshLayer: 0
  m_StaticEditorFlags: 0
  m_IsActive: 1
--- !u!215 &715707298
ReflectionProbe:
  m_ObjectHideFlags: 0
  m_CorrespondingSourceObject: {fileID: 0}
  m_PrefabInstance: {fileID: 0}
  m_PrefabAsset: {fileID: 0}
  m_GameObject: {fileID: 715707297}
  m_Enabled: 1
  serializedVersion: 2
  m_Type: 0
  m_Mode: 0
  m_RefreshMode: 0
  m_TimeSlicingMode: 0
  m_Resolution: 128
  m_UpdateFrequency: 0
  m_BoxSize: {x: 12.23, y: 12.6, z: 15.33}
  m_BoxOffset: {x: 0, y: 0, z: 0}
  m_NearClip: 0.3
  m_FarClip: 1000
  m_ShadowDistance: 100
  m_ClearFlags: 1
  m_BackGroundColor: {r: 0.19215687, g: 0.3019608, b: 0.4745098, a: 0}
  m_CullingMask:
    serializedVersion: 2
    m_Bits: 4294967295
  m_IntensityMultiplier: 1
  m_BlendDistance: 1
  m_HDR: 1
  m_BoxProjection: 0
  m_RenderDynamicObjects: 0
  m_UseOcclusionCulling: 1
  m_Importance: 1
  m_CustomBakedTexture: {fileID: 0}
--- !u!4 &715707299
Transform:
  m_ObjectHideFlags: 0
  m_CorrespondingSourceObject: {fileID: 0}
  m_PrefabInstance: {fileID: 0}
  m_PrefabAsset: {fileID: 0}
  m_GameObject: {fileID: 715707297}
  m_LocalRotation: {x: -0, y: -0, z: -0, w: 1}
  m_LocalPosition: {x: -10.449982, y: -0.22837257, z: -15.870087}
  m_LocalScale: {x: 1, y: 1, z: 3.7797084}
  m_Children: []
  m_Father: {fileID: 1050601336}
  m_RootOrder: 20
  m_LocalEulerAnglesHint: {x: 0, y: 0, z: 0}
--- !u!1 &806105099
GameObject:
  m_ObjectHideFlags: 0
  m_CorrespondingSourceObject: {fileID: 0}
  m_PrefabInstance: {fileID: 0}
  m_PrefabAsset: {fileID: 0}
  serializedVersion: 6
  m_Component:
  - component: {fileID: 806105102}
  - component: {fileID: 806105101}
  - component: {fileID: 806105100}
  m_Layer: 0
  m_Name: Terrain
  m_TagString: Untagged
  m_Icon: {fileID: 0}
  m_NavMeshLayer: 0
  m_StaticEditorFlags: 4294967295
  m_IsActive: 1
--- !u!154 &806105100
TerrainCollider:
  m_ObjectHideFlags: 0
  m_CorrespondingSourceObject: {fileID: 0}
  m_PrefabInstance: {fileID: 0}
  m_PrefabAsset: {fileID: 0}
  m_GameObject: {fileID: 806105099}
  m_Material: {fileID: 0}
  m_Enabled: 1
  m_TerrainData: {fileID: 15600000, guid: c972c660c5772a94288eb60c647c1192, type: 2}
  m_EnableTreeColliders: 1
--- !u!218 &806105101
Terrain:
  m_ObjectHideFlags: 0
  m_CorrespondingSourceObject: {fileID: 0}
  m_PrefabInstance: {fileID: 0}
  m_PrefabAsset: {fileID: 0}
  m_GameObject: {fileID: 806105099}
  m_Enabled: 1
  serializedVersion: 3
  m_TerrainData: {fileID: 15600000, guid: c972c660c5772a94288eb60c647c1192, type: 2}
  m_TreeDistance: 5000
  m_TreeBillboardDistance: 50
  m_TreeCrossFadeLength: 5
  m_TreeMaximumFullLODCount: 50
  m_DetailObjectDistance: 80
  m_DetailObjectDensity: 1
  m_HeightmapPixelError: 5
  m_SplatMapDistance: 1000
  m_HeightmapMaximumLOD: 0
  m_CastShadows: 1
  m_DrawHeightmap: 1
  m_DrawInstanced: 0
  m_DrawTreesAndFoliage: 1
  m_ReflectionProbeUsage: 1
  m_MaterialType: 0
  m_LegacySpecular:
    serializedVersion: 2
    rgba: 4286545791
  m_LegacyShininess: 0.078125
  m_MaterialTemplate: {fileID: 0}
  m_BakeLightProbesForTrees: 1
  m_PreserveTreePrototypeLayers: 0
  m_ScaleInLightmap: 0.0512
  m_LightmapParameters: {fileID: 15203, guid: 0000000000000000f000000000000000, type: 0}
  m_GroupingID: 0
  m_AllowAutoConnect: 1
--- !u!4 &806105102
Transform:
  m_ObjectHideFlags: 0
  m_CorrespondingSourceObject: {fileID: 0}
  m_PrefabInstance: {fileID: 0}
  m_PrefabAsset: {fileID: 0}
  m_GameObject: {fileID: 806105099}
  m_LocalRotation: {x: 0, y: 0, z: 0, w: 1}
  m_LocalPosition: {x: 0, y: 0, z: 0}
  m_LocalScale: {x: 1, y: 1, z: 1}
  m_Children: []
  m_Father: {fileID: 0}
  m_RootOrder: 6
  m_LocalEulerAnglesHint: {x: 0, y: 0, z: 0}
--- !u!1001 &821552617
PrefabInstance:
  m_ObjectHideFlags: 0
  serializedVersion: 2
  m_Modification:
    m_TransformParent: {fileID: 1050601336}
    m_Modifications:
    - target: {fileID: 100000, guid: 6c13e52c47af76e409cbb0c1cac96214, type: 3}
      propertyPath: m_Name
      value: Wall_Angle_Windows_Arena_BS (2)
      objectReference: {fileID: 0}
    - target: {fileID: 400000, guid: 6c13e52c47af76e409cbb0c1cac96214, type: 3}
      propertyPath: m_LocalPosition.x
      value: 0
      objectReference: {fileID: 0}
    - target: {fileID: 400000, guid: 6c13e52c47af76e409cbb0c1cac96214, type: 3}
      propertyPath: m_LocalPosition.y
      value: -4.858417
      objectReference: {fileID: 0}
    - target: {fileID: 400000, guid: 6c13e52c47af76e409cbb0c1cac96214, type: 3}
      propertyPath: m_LocalPosition.z
      value: 0
      objectReference: {fileID: 0}
    - target: {fileID: 400000, guid: 6c13e52c47af76e409cbb0c1cac96214, type: 3}
      propertyPath: m_LocalRotation.x
      value: -0
      objectReference: {fileID: 0}
    - target: {fileID: 400000, guid: 6c13e52c47af76e409cbb0c1cac96214, type: 3}
      propertyPath: m_LocalRotation.y
      value: 1
      objectReference: {fileID: 0}
    - target: {fileID: 400000, guid: 6c13e52c47af76e409cbb0c1cac96214, type: 3}
      propertyPath: m_LocalRotation.z
      value: -0
      objectReference: {fileID: 0}
    - target: {fileID: 400000, guid: 6c13e52c47af76e409cbb0c1cac96214, type: 3}
      propertyPath: m_LocalRotation.w
      value: 0.0000029504295
      objectReference: {fileID: 0}
    - target: {fileID: 400000, guid: 6c13e52c47af76e409cbb0c1cac96214, type: 3}
      propertyPath: m_RootOrder
      value: 6
      objectReference: {fileID: 0}
    - target: {fileID: 400000, guid: 6c13e52c47af76e409cbb0c1cac96214, type: 3}
      propertyPath: m_LocalEulerAnglesHint.x
      value: 0
      objectReference: {fileID: 0}
    - target: {fileID: 400000, guid: 6c13e52c47af76e409cbb0c1cac96214, type: 3}
      propertyPath: m_LocalEulerAnglesHint.y
      value: 180.00002
      objectReference: {fileID: 0}
    - target: {fileID: 400000, guid: 6c13e52c47af76e409cbb0c1cac96214, type: 3}
      propertyPath: m_LocalEulerAnglesHint.z
      value: 0
      objectReference: {fileID: 0}
    m_RemovedComponents: []
  m_SourcePrefab: {fileID: 100100000, guid: 6c13e52c47af76e409cbb0c1cac96214, type: 3}
--- !u!4 &821552618 stripped
Transform:
  m_CorrespondingSourceObject: {fileID: 400000, guid: 6c13e52c47af76e409cbb0c1cac96214,
    type: 3}
  m_PrefabInstance: {fileID: 821552617}
  m_PrefabAsset: {fileID: 0}
--- !u!1 &902257842
GameObject:
  m_ObjectHideFlags: 0
  m_CorrespondingSourceObject: {fileID: 0}
  m_PrefabInstance: {fileID: 0}
  m_PrefabAsset: {fileID: 0}
  serializedVersion: 6
  m_Component:
  - component: {fileID: 902257844}
  - component: {fileID: 902257843}
  m_Layer: 0
  m_Name: Reflection Probe
  m_TagString: Untagged
  m_Icon: {fileID: 0}
  m_NavMeshLayer: 0
  m_StaticEditorFlags: 0
  m_IsActive: 1
--- !u!215 &902257843
ReflectionProbe:
  m_ObjectHideFlags: 0
  m_CorrespondingSourceObject: {fileID: 0}
  m_PrefabInstance: {fileID: 0}
  m_PrefabAsset: {fileID: 0}
  m_GameObject: {fileID: 902257842}
  m_Enabled: 1
  serializedVersion: 2
  m_Type: 0
  m_Mode: 0
  m_RefreshMode: 0
  m_TimeSlicingMode: 0
  m_Resolution: 128
  m_UpdateFrequency: 0
  m_BoxSize: {x: 10, y: 12.6, z: 12.1}
  m_BoxOffset: {x: 0, y: 0, z: 0}
  m_NearClip: 0.3
  m_FarClip: 1000
  m_ShadowDistance: 100
  m_ClearFlags: 1
  m_BackGroundColor: {r: 0.19215687, g: 0.3019608, b: 0.4745098, a: 0}
  m_CullingMask:
    serializedVersion: 2
    m_Bits: 4294967295
  m_IntensityMultiplier: 1
  m_BlendDistance: 1
  m_HDR: 1
  m_BoxProjection: 0
  m_RenderDynamicObjects: 0
  m_UseOcclusionCulling: 1
  m_Importance: 1
  m_CustomBakedTexture: {fileID: 0}
--- !u!4 &902257844
Transform:
  m_ObjectHideFlags: 0
  m_CorrespondingSourceObject: {fileID: 0}
  m_PrefabInstance: {fileID: 0}
  m_PrefabAsset: {fileID: 0}
  m_GameObject: {fileID: 902257842}
  m_LocalRotation: {x: -0, y: -0, z: -0, w: 1}
  m_LocalPosition: {x: -26.869965, y: -0.22837257, z: -16.000092}
  m_LocalScale: {x: 1, y: 1, z: 3.7797084}
  m_Children: []
  m_Father: {fileID: 1050601336}
  m_RootOrder: 14
  m_LocalEulerAnglesHint: {x: 0, y: 0, z: 0}
--- !u!1 &938609851
GameObject:
  m_ObjectHideFlags: 0
  m_CorrespondingSourceObject: {fileID: 0}
  m_PrefabInstance: {fileID: 0}
  m_PrefabAsset: {fileID: 0}
  serializedVersion: 6
  m_Component:
  - component: {fileID: 938609853}
  - component: {fileID: 938609852}
  m_Layer: 0
  m_Name: Reflection Probe (1)
  m_TagString: Untagged
  m_Icon: {fileID: 0}
  m_NavMeshLayer: 0
  m_StaticEditorFlags: 0
  m_IsActive: 1
--- !u!215 &938609852
ReflectionProbe:
  m_ObjectHideFlags: 0
  m_CorrespondingSourceObject: {fileID: 0}
  m_PrefabInstance: {fileID: 0}
  m_PrefabAsset: {fileID: 0}
  m_GameObject: {fileID: 938609851}
  m_Enabled: 1
  serializedVersion: 2
  m_Type: 0
  m_Mode: 0
  m_RefreshMode: 0
  m_TimeSlicingMode: 0
  m_Resolution: 128
  m_UpdateFrequency: 0
  m_BoxSize: {x: 16.49, y: 12.6, z: 17.53}
  m_BoxOffset: {x: 0, y: 0, z: 0}
  m_NearClip: 0.3
  m_FarClip: 1000
  m_ShadowDistance: 100
  m_ClearFlags: 1
  m_BackGroundColor: {r: 0.19215687, g: 0.3019608, b: 0.4745098, a: 0}
  m_CullingMask:
    serializedVersion: 2
    m_Bits: 4294967295
  m_IntensityMultiplier: 1
  m_BlendDistance: 1
  m_HDR: 1
  m_BoxProjection: 0
  m_RenderDynamicObjects: 0
  m_UseOcclusionCulling: 1
  m_Importance: 1
  m_CustomBakedTexture: {fileID: 0}
--- !u!4 &938609853
Transform:
  m_ObjectHideFlags: 0
  m_CorrespondingSourceObject: {fileID: 0}
  m_PrefabInstance: {fileID: 0}
  m_PrefabAsset: {fileID: 0}
  m_GameObject: {fileID: 938609851}
  m_LocalRotation: {x: -0, y: -0, z: -0, w: 1}
  m_LocalPosition: {x: -19.309967, y: -0.22837257, z: -0.6300659}
  m_LocalScale: {x: 1, y: 1, z: 3.7797084}
  m_Children: []
  m_Father: {fileID: 1050601336}
  m_RootOrder: 15
  m_LocalEulerAnglesHint: {x: 0, y: 0, z: 0}
--- !u!1001 &944640670
PrefabInstance:
  m_ObjectHideFlags: 0
  serializedVersion: 2
  m_Modification:
    m_TransformParent: {fileID: 1050601336}
    m_Modifications:
    - target: {fileID: 100000, guid: 18260f31ac293de42a81915865960045, type: 3}
      propertyPath: m_Name
      value: Column_Arena_BS
      objectReference: {fileID: 0}
    - target: {fileID: 400000, guid: 18260f31ac293de42a81915865960045, type: 3}
      propertyPath: m_LocalPosition.x
      value: -5.350525
      objectReference: {fileID: 0}
    - target: {fileID: 400000, guid: 18260f31ac293de42a81915865960045, type: 3}
      propertyPath: m_LocalPosition.y
      value: -5.1483727
      objectReference: {fileID: 0}
    - target: {fileID: 400000, guid: 18260f31ac293de42a81915865960045, type: 3}
      propertyPath: m_LocalPosition.z
      value: -23.348633
      objectReference: {fileID: 0}
    - target: {fileID: 400000, guid: 18260f31ac293de42a81915865960045, type: 3}
      propertyPath: m_LocalRotation.x
      value: -0
      objectReference: {fileID: 0}
    - target: {fileID: 400000, guid: 18260f31ac293de42a81915865960045, type: 3}
      propertyPath: m_LocalRotation.y
      value: -0
      objectReference: {fileID: 0}
    - target: {fileID: 400000, guid: 18260f31ac293de42a81915865960045, type: 3}
      propertyPath: m_LocalRotation.z
      value: -0
      objectReference: {fileID: 0}
    - target: {fileID: 400000, guid: 18260f31ac293de42a81915865960045, type: 3}
      propertyPath: m_LocalRotation.w
      value: 1
      objectReference: {fileID: 0}
    - target: {fileID: 400000, guid: 18260f31ac293de42a81915865960045, type: 3}
      propertyPath: m_RootOrder
      value: 3
      objectReference: {fileID: 0}
    - target: {fileID: 400000, guid: 18260f31ac293de42a81915865960045, type: 3}
      propertyPath: m_LocalEulerAnglesHint.x
      value: 0
      objectReference: {fileID: 0}
    - target: {fileID: 400000, guid: 18260f31ac293de42a81915865960045, type: 3}
      propertyPath: m_LocalEulerAnglesHint.y
      value: 0
      objectReference: {fileID: 0}
    - target: {fileID: 400000, guid: 18260f31ac293de42a81915865960045, type: 3}
      propertyPath: m_LocalEulerAnglesHint.z
      value: 0
      objectReference: {fileID: 0}
    m_RemovedComponents: []
  m_SourcePrefab: {fileID: 100100000, guid: 18260f31ac293de42a81915865960045, type: 3}
--- !u!4 &944640671 stripped
Transform:
  m_CorrespondingSourceObject: {fileID: 400000, guid: 18260f31ac293de42a81915865960045,
    type: 3}
  m_PrefabInstance: {fileID: 944640670}
  m_PrefabAsset: {fileID: 0}
--- !u!1 &970411789
GameObject:
  m_ObjectHideFlags: 0
  m_CorrespondingSourceObject: {fileID: 0}
  m_PrefabInstance: {fileID: 0}
  m_PrefabAsset: {fileID: 0}
  serializedVersion: 6
  m_Component:
  - component: {fileID: 970411791}
  - component: {fileID: 970411790}
  m_Layer: 0
  m_Name: Reflection Probe (2)
  m_TagString: Untagged
  m_Icon: {fileID: 0}
  m_NavMeshLayer: 0
  m_StaticEditorFlags: 0
  m_IsActive: 1
--- !u!215 &970411790
ReflectionProbe:
  m_ObjectHideFlags: 0
  m_CorrespondingSourceObject: {fileID: 0}
  m_PrefabInstance: {fileID: 0}
  m_PrefabAsset: {fileID: 0}
  m_GameObject: {fileID: 970411789}
  m_Enabled: 1
  serializedVersion: 2
  m_Type: 0
  m_Mode: 0
  m_RefreshMode: 0
  m_TimeSlicingMode: 0
  m_Resolution: 128
  m_UpdateFrequency: 0
  m_BoxSize: {x: 10, y: 12.6, z: 12.1}
  m_BoxOffset: {x: 0, y: 0, z: 0}
  m_NearClip: 0.3
  m_FarClip: 1000
  m_ShadowDistance: 100
  m_ClearFlags: 1
  m_BackGroundColor: {r: 0.19215687, g: 0.3019608, b: 0.4745098, a: 0}
  m_CullingMask:
    serializedVersion: 2
    m_Bits: 4294967295
  m_IntensityMultiplier: 1
  m_BlendDistance: 1
  m_HDR: 1
  m_BoxProjection: 0
  m_RenderDynamicObjects: 0
  m_UseOcclusionCulling: 1
  m_Importance: 1
  m_CustomBakedTexture: {fileID: 0}
--- !u!4 &970411791
Transform:
  m_ObjectHideFlags: 0
  m_CorrespondingSourceObject: {fileID: 0}
  m_PrefabInstance: {fileID: 0}
  m_PrefabAsset: {fileID: 0}
  m_GameObject: {fileID: 970411789}
  m_LocalRotation: {x: -0, y: -0, z: -0, w: 1}
  m_LocalPosition: {x: 5.290039, y: -0.22837257, z: -15.500092}
  m_LocalScale: {x: 1, y: 1, z: 3.7797084}
  m_Children: []
  m_Father: {fileID: 1050601336}
  m_RootOrder: 16
  m_LocalEulerAnglesHint: {x: 0, y: 0, z: 0}
--- !u!1 &1050601335
GameObject:
  m_ObjectHideFlags: 0
  m_CorrespondingSourceObject: {fileID: 0}
  m_PrefabInstance: {fileID: 0}
  m_PrefabAsset: {fileID: 0}
  serializedVersion: 6
  m_Component:
  - component: {fileID: 1050601336}
  m_Layer: 0
  m_Name: Gladiator
  m_TagString: Untagged
  m_Icon: {fileID: 0}
  m_NavMeshLayer: 0
  m_StaticEditorFlags: 0
  m_IsActive: 1
--- !u!4 &1050601336
Transform:
  m_ObjectHideFlags: 0
  m_CorrespondingSourceObject: {fileID: 0}
  m_PrefabInstance: {fileID: 0}
  m_PrefabAsset: {fileID: 0}
  m_GameObject: {fileID: 1050601335}
  m_LocalRotation: {x: 0, y: 0, z: 0, w: 1}
  m_LocalPosition: {x: 320.71997, y: 4.8583727, z: 314.36008}
  m_LocalScale: {x: 1, y: 1, z: 1}
  m_Children:
  - {fileID: 2138890872}
  - {fileID: 2041702190}
  - {fileID: 1770855230}
  - {fileID: 944640671}
  - {fileID: 220289631}
  - {fileID: 712350164}
  - {fileID: 821552618}
  - {fileID: 1311077681}
  - {fileID: 628662047}
  - {fileID: 605718598}
  - {fileID: 1507473557}
  - {fileID: 1270903477}
  - {fileID: 1073444952}
  - {fileID: 181720066}
  - {fileID: 902257844}
  - {fileID: 938609853}
  - {fileID: 970411791}
  - {fileID: 1289001695}
  - {fileID: 2092941576}
  - {fileID: 689235957}
  - {fileID: 715707299}
  m_Father: {fileID: 0}
  m_RootOrder: 7
  m_LocalEulerAnglesHint: {x: 0, y: 0, z: 0}
--- !u!4 &1073444952 stripped
Transform:
  m_CorrespondingSourceObject: {fileID: 4270529496732170, guid: f843e16b504ac5748bc5bfc3748c9e4f,
    type: 3}
  m_PrefabInstance: {fileID: 1141702645}
  m_PrefabAsset: {fileID: 0}
--- !u!1 &1103758670
GameObject:
  m_ObjectHideFlags: 0
  m_CorrespondingSourceObject: {fileID: 0}
  m_PrefabInstance: {fileID: 0}
  m_PrefabAsset: {fileID: 0}
  serializedVersion: 6
  m_Component:
  - component: {fileID: 1103758671}
  m_Layer: 0
  m_Name: GameObject
  m_TagString: Untagged
  m_Icon: {fileID: 0}
  m_NavMeshLayer: 0
  m_StaticEditorFlags: 0
  m_IsActive: 1
--- !u!4 &1103758671
Transform:
  m_ObjectHideFlags: 0
  m_CorrespondingSourceObject: {fileID: 0}
  m_PrefabInstance: {fileID: 0}
  m_PrefabAsset: {fileID: 0}
  m_GameObject: {fileID: 1103758670}
  m_LocalRotation: {x: 0, y: 0, z: 0, w: 1}
  m_LocalPosition: {x: 309.94, y: -23.9, z: 297.65}
  m_LocalScale: {x: 1, y: 1, z: 1}
  m_Children: []
  m_Father: {fileID: 0}
  m_RootOrder: 2
  m_LocalEulerAnglesHint: {x: 0, y: 0, z: 0}
--- !u!1001 &1141702645
PrefabInstance:
  m_ObjectHideFlags: 0
  serializedVersion: 2
  m_Modification:
    m_TransformParent: {fileID: 1050601336}
    m_Modifications:
    - target: {fileID: 4270529496732170, guid: f843e16b504ac5748bc5bfc3748c9e4f, type: 3}
      propertyPath: m_LocalPosition.x
      value: -9.429962
      objectReference: {fileID: 0}
    - target: {fileID: 4270529496732170, guid: f843e16b504ac5748bc5bfc3748c9e4f, type: 3}
      propertyPath: m_LocalPosition.y
      value: -4.078373
      objectReference: {fileID: 0}
    - target: {fileID: 4270529496732170, guid: f843e16b504ac5748bc5bfc3748c9e4f, type: 3}
      propertyPath: m_LocalPosition.z
      value: -18.55008
      objectReference: {fileID: 0}
    - target: {fileID: 4270529496732170, guid: f843e16b504ac5748bc5bfc3748c9e4f, type: 3}
      propertyPath: m_LocalRotation.x
      value: -0.503082
      objectReference: {fileID: 0}
    - target: {fileID: 4270529496732170, guid: f843e16b504ac5748bc5bfc3748c9e4f, type: 3}
      propertyPath: m_LocalRotation.y
      value: -0.49689892
      objectReference: {fileID: 0}
    - target: {fileID: 4270529496732170, guid: f843e16b504ac5748bc5bfc3748c9e4f, type: 3}
      propertyPath: m_LocalRotation.z
      value: -0.49689892
      objectReference: {fileID: 0}
    - target: {fileID: 4270529496732170, guid: f843e16b504ac5748bc5bfc3748c9e4f, type: 3}
      propertyPath: m_LocalRotation.w
      value: 0.503082
      objectReference: {fileID: 0}
    - target: {fileID: 4270529496732170, guid: f843e16b504ac5748bc5bfc3748c9e4f, type: 3}
      propertyPath: m_RootOrder
      value: 12
      objectReference: {fileID: 0}
    - target: {fileID: 4270529496732170, guid: f843e16b504ac5748bc5bfc3748c9e4f, type: 3}
      propertyPath: m_LocalScale.x
      value: 1
      objectReference: {fileID: 0}
    - target: {fileID: 4270529496732170, guid: f843e16b504ac5748bc5bfc3748c9e4f, type: 3}
      propertyPath: m_LocalScale.y
      value: 1
      objectReference: {fileID: 0}
    - target: {fileID: 198995240846525750, guid: f843e16b504ac5748bc5bfc3748c9e4f,
        type: 3}
      propertyPath: scalingMode
      value: 2
      objectReference: {fileID: 0}
    - target: {fileID: 198995240846525750, guid: f843e16b504ac5748bc5bfc3748c9e4f,
        type: 3}
      propertyPath: randomSeed
      value: -1513713264
      objectReference: {fileID: 0}
    - target: {fileID: 198995240846525750, guid: f843e16b504ac5748bc5bfc3748c9e4f,
        type: 3}
      propertyPath: InitialModule.gravityModifier.scalar
      value: -0.01
      objectReference: {fileID: 0}
    - target: {fileID: 198995240846525750, guid: f843e16b504ac5748bc5bfc3748c9e4f,
        type: 3}
      propertyPath: ColorModule.gradient.maxGradient.key2.r
      value: 0.5808823
      objectReference: {fileID: 0}
    - target: {fileID: 198995240846525750, guid: f843e16b504ac5748bc5bfc3748c9e4f,
        type: 3}
      propertyPath: ColorModule.gradient.maxGradient.key2.g
      value: 0.5808823
      objectReference: {fileID: 0}
    - target: {fileID: 198995240846525750, guid: f843e16b504ac5748bc5bfc3748c9e4f,
        type: 3}
      propertyPath: ColorModule.gradient.maxGradient.key2.b
      value: 0.5808823
      objectReference: {fileID: 0}
    - target: {fileID: 198995240846525750, guid: f843e16b504ac5748bc5bfc3748c9e4f,
        type: 3}
      propertyPath: ColorModule.gradient.maxGradient.ctime1
      value: 18119
      objectReference: {fileID: 0}
    - target: {fileID: 198995240846525750, guid: f843e16b504ac5748bc5bfc3748c9e4f,
        type: 3}
      propertyPath: ColorModule.gradient.maxGradient.ctime2
      value: 33539
      objectReference: {fileID: 0}
    - target: {fileID: 198995240846525750, guid: f843e16b504ac5748bc5bfc3748c9e4f,
        type: 3}
      propertyPath: ColorModule.gradient.maxGradient.ctime3
      value: 51464
      objectReference: {fileID: 0}
    - target: {fileID: 198995240846525750, guid: f843e16b504ac5748bc5bfc3748c9e4f,
        type: 3}
      propertyPath: ColorModule.gradient.maxGradient.m_NumColorKeys
      value: 5
      objectReference: {fileID: 0}
    - target: {fileID: 198995240846525750, guid: f843e16b504ac5748bc5bfc3748c9e4f,
        type: 3}
      propertyPath: ColorModule.gradient.maxGradient.key1.r
      value: 1
      objectReference: {fileID: 0}
    - target: {fileID: 198995240846525750, guid: f843e16b504ac5748bc5bfc3748c9e4f,
        type: 3}
      propertyPath: ColorModule.gradient.maxGradient.key1.g
      value: 1
      objectReference: {fileID: 0}
    - target: {fileID: 198995240846525750, guid: f843e16b504ac5748bc5bfc3748c9e4f,
        type: 3}
      propertyPath: ColorModule.gradient.maxGradient.key1.b
      value: 1
      objectReference: {fileID: 0}
    - target: {fileID: 198995240846525750, guid: f843e16b504ac5748bc5bfc3748c9e4f,
        type: 3}
      propertyPath: playOnAwake
      value: 1
      objectReference: {fileID: 0}
    - target: {fileID: 198995240846525750, guid: f843e16b504ac5748bc5bfc3748c9e4f,
        type: 3}
      propertyPath: InitialModule.maxNumParticles
      value: 1000
      objectReference: {fileID: 0}
    - target: {fileID: 198995240846525750, guid: f843e16b504ac5748bc5bfc3748c9e4f,
        type: 3}
      propertyPath: autoRandomSeed
      value: 1
      objectReference: {fileID: 0}
    - target: {fileID: 198995240846525750, guid: f843e16b504ac5748bc5bfc3748c9e4f,
        type: 3}
      propertyPath: InitialModule.size3D
      value: 1
      objectReference: {fileID: 0}
    - target: {fileID: 198995240846525750, guid: f843e16b504ac5748bc5bfc3748c9e4f,
        type: 3}
      propertyPath: prewarm
      value: 1
      objectReference: {fileID: 0}
    - target: {fileID: 198995240846525750, guid: f843e16b504ac5748bc5bfc3748c9e4f,
        type: 3}
      propertyPath: SizeModule.curve.minMaxState
      value: 3
      objectReference: {fileID: 0}
    - target: {fileID: 198995240846525750, guid: f843e16b504ac5748bc5bfc3748c9e4f,
        type: 3}
      propertyPath: SizeModule.y.minMaxState
      value: 3
      objectReference: {fileID: 0}
    - target: {fileID: 198995240846525750, guid: f843e16b504ac5748bc5bfc3748c9e4f,
        type: 3}
      propertyPath: SizeModule.z.minMaxState
      value: 3
      objectReference: {fileID: 0}
    - target: {fileID: 198995240846525750, guid: f843e16b504ac5748bc5bfc3748c9e4f,
        type: 3}
      propertyPath: SizeModule.enabled
      value: 0
      objectReference: {fileID: 0}
    - target: {fileID: 198995240846525750, guid: f843e16b504ac5748bc5bfc3748c9e4f,
        type: 3}
      propertyPath: SizeModule.separateAxes
      value: 0
      objectReference: {fileID: 0}
    - target: {fileID: 198995240846525750, guid: f843e16b504ac5748bc5bfc3748c9e4f,
        type: 3}
      propertyPath: looping
      value: 1
      objectReference: {fileID: 0}
    - target: {fileID: 198995240846525750, guid: f843e16b504ac5748bc5bfc3748c9e4f,
        type: 3}
      propertyPath: InitialModule.startLifetime.scalar
      value: 1
      objectReference: {fileID: 0}
    - target: {fileID: 198995240846525750, guid: f843e16b504ac5748bc5bfc3748c9e4f,
        type: 3}
      propertyPath: EmissionModule.rateOverTime.scalar
      value: 100
      objectReference: {fileID: 0}
    - target: {fileID: 198995240846525750, guid: f843e16b504ac5748bc5bfc3748c9e4f,
        type: 3}
      propertyPath: ColorModule.gradient.maxGradient.key0.r
      value: 0
      objectReference: {fileID: 0}
    - target: {fileID: 198995240846525750, guid: f843e16b504ac5748bc5bfc3748c9e4f,
        type: 3}
      propertyPath: ColorModule.gradient.maxGradient.key0.g
      value: 0
      objectReference: {fileID: 0}
    - target: {fileID: 198995240846525750, guid: f843e16b504ac5748bc5bfc3748c9e4f,
        type: 3}
      propertyPath: ColorModule.gradient.maxGradient.key0.b
      value: 0
      objectReference: {fileID: 0}
    - target: {fileID: 198995240846525750, guid: f843e16b504ac5748bc5bfc3748c9e4f,
        type: 3}
      propertyPath: ColorModule.gradient.maxGradient.key3.r
      value: 1
      objectReference: {fileID: 0}
    - target: {fileID: 198995240846525750, guid: f843e16b504ac5748bc5bfc3748c9e4f,
        type: 3}
      propertyPath: ColorModule.gradient.maxGradient.key3.g
      value: 1
      objectReference: {fileID: 0}
    - target: {fileID: 198995240846525750, guid: f843e16b504ac5748bc5bfc3748c9e4f,
        type: 3}
      propertyPath: ColorModule.gradient.maxGradient.key3.b
      value: 1
      objectReference: {fileID: 0}
    - target: {fileID: 198995240846525750, guid: f843e16b504ac5748bc5bfc3748c9e4f,
        type: 3}
      propertyPath: ColorModule.gradient.maxGradient.ctime4
      value: 65535
      objectReference: {fileID: 0}
    - target: {fileID: 198995240846525750, guid: f843e16b504ac5748bc5bfc3748c9e4f,
        type: 3}
      propertyPath: InitialModule.startSize.scalar
      value: 1
      objectReference: {fileID: 0}
    - target: {fileID: 198995240846525750, guid: f843e16b504ac5748bc5bfc3748c9e4f,
        type: 3}
      propertyPath: simulationSpeed
      value: 0.5
      objectReference: {fileID: 0}
    - target: {fileID: 198995240846525750, guid: f843e16b504ac5748bc5bfc3748c9e4f,
        type: 3}
      propertyPath: InitialModule.startSpeed.scalar
      value: 0.2
      objectReference: {fileID: 0}
    - target: {fileID: 198995240846525750, guid: f843e16b504ac5748bc5bfc3748c9e4f,
        type: 3}
      propertyPath: VelocityModule.enabled
      value: 1
      objectReference: {fileID: 0}
    - target: {fileID: 198995240846525750, guid: f843e16b504ac5748bc5bfc3748c9e4f,
        type: 3}
      propertyPath: ClampVelocityModule.enabled
      value: 0
      objectReference: {fileID: 0}
    - target: {fileID: 198995240846525750, guid: f843e16b504ac5748bc5bfc3748c9e4f,
        type: 3}
      propertyPath: InheritVelocityModule.enabled
      value: 0
      objectReference: {fileID: 0}
    - target: {fileID: 198995240846525750, guid: f843e16b504ac5748bc5bfc3748c9e4f,
        type: 3}
      propertyPath: VelocityModule.y.scalar
      value: 0
      objectReference: {fileID: 0}
    - target: {fileID: 198995240846525750, guid: f843e16b504ac5748bc5bfc3748c9e4f,
        type: 3}
      propertyPath: VelocityModule.y.minScalar
      value: 0
      objectReference: {fileID: 0}
    - target: {fileID: 198995240846525750, guid: f843e16b504ac5748bc5bfc3748c9e4f,
        type: 3}
      propertyPath: VelocityModule.z.scalar
      value: 0
      objectReference: {fileID: 0}
    - target: {fileID: 198995240846525750, guid: f843e16b504ac5748bc5bfc3748c9e4f,
        type: 3}
      propertyPath: VelocityModule.z.minScalar
      value: 0
      objectReference: {fileID: 0}
    - target: {fileID: 198995240846525750, guid: f843e16b504ac5748bc5bfc3748c9e4f,
        type: 3}
      propertyPath: ForceModule.enabled
      value: 1
      objectReference: {fileID: 0}
    - target: {fileID: 198995240846525750, guid: f843e16b504ac5748bc5bfc3748c9e4f,
        type: 3}
      propertyPath: VelocityModule.x.minMaxState
      value: 0
      objectReference: {fileID: 0}
    - target: {fileID: 198995240846525750, guid: f843e16b504ac5748bc5bfc3748c9e4f,
        type: 3}
      propertyPath: VelocityModule.y.minMaxState
      value: 0
      objectReference: {fileID: 0}
    - target: {fileID: 198995240846525750, guid: f843e16b504ac5748bc5bfc3748c9e4f,
        type: 3}
      propertyPath: VelocityModule.z.minMaxState
      value: 0
      objectReference: {fileID: 0}
    - target: {fileID: 198995240846525750, guid: f843e16b504ac5748bc5bfc3748c9e4f,
        type: 3}
      propertyPath: VelocityModule.x.scalar
      value: 2
      objectReference: {fileID: 0}
    - target: {fileID: 198995240846525750, guid: f843e16b504ac5748bc5bfc3748c9e4f,
        type: 3}
      propertyPath: ColorBySpeedModule.enabled
      value: 1
      objectReference: {fileID: 0}
    - target: {fileID: 198995240846525750, guid: f843e16b504ac5748bc5bfc3748c9e4f,
        type: 3}
      propertyPath: ColorModule.enabled
      value: 1
      objectReference: {fileID: 0}
    - target: {fileID: 198995240846525750, guid: f843e16b504ac5748bc5bfc3748c9e4f,
        type: 3}
      propertyPath: ShapeModule.enabled
      value: 1
      objectReference: {fileID: 0}
    - target: {fileID: 198995240846525750, guid: f843e16b504ac5748bc5bfc3748c9e4f,
        type: 3}
      propertyPath: ShapeModule.angle
      value: 69.2
      objectReference: {fileID: 0}
    - target: {fileID: 198995240846525750, guid: f843e16b504ac5748bc5bfc3748c9e4f,
        type: 3}
      propertyPath: ShapeModule.radius.value
      value: 14.9
      objectReference: {fileID: 0}
    - target: {fileID: 198995240846525750, guid: f843e16b504ac5748bc5bfc3748c9e4f,
        type: 3}
      propertyPath: RotationBySpeedModule.curve.scalar
      value: 1.5707963
      objectReference: {fileID: 0}
    - target: {fileID: 198995240846525750, guid: f843e16b504ac5748bc5bfc3748c9e4f,
        type: 3}
      propertyPath: RotationBySpeedModule.separateAxes
      value: 1
      objectReference: {fileID: 0}
    - target: {fileID: 198995240846525750, guid: f843e16b504ac5748bc5bfc3748c9e4f,
        type: 3}
      propertyPath: RotationBySpeedModule.x.scalar
      value: -1.5707963
      objectReference: {fileID: 0}
    m_RemovedComponents: []
  m_SourcePrefab: {fileID: 100100000, guid: f843e16b504ac5748bc5bfc3748c9e4f, type: 3}
--- !u!1 &1196132667
GameObject:
  m_ObjectHideFlags: 0
  m_CorrespondingSourceObject: {fileID: 0}
  m_PrefabInstance: {fileID: 0}
  m_PrefabAsset: {fileID: 0}
  serializedVersion: 6
  m_Component:
  - component: {fileID: 1196132669}
  - component: {fileID: 1196132668}
  m_Layer: 0
  m_Name: Directional Light (1)
  m_TagString: Untagged
  m_Icon: {fileID: 0}
  m_NavMeshLayer: 0
  m_StaticEditorFlags: 0
  m_IsActive: 1
--- !u!108 &1196132668
Light:
  m_ObjectHideFlags: 0
  m_CorrespondingSourceObject: {fileID: 0}
  m_PrefabInstance: {fileID: 0}
  m_PrefabAsset: {fileID: 0}
  m_GameObject: {fileID: 1196132667}
  m_Enabled: 1
  serializedVersion: 8
  m_Type: 1
  m_Color: {r: 1, g: 0.95686275, b: 0.8392157, a: 1}
  m_Intensity: 0.3
  m_Range: 10
  m_SpotAngle: 30
  m_CookieSize: 10
  m_Shadows:
    m_Type: 2
    m_Resolution: -1
    m_CustomResolution: -1
    m_Strength: 1
    m_Bias: 0.05
    m_NormalBias: 0.4
    m_NearPlane: 0.2
  m_Cookie: {fileID: 0}
  m_DrawHalo: 0
  m_Flare: {fileID: 0}
  m_RenderMode: 0
  m_CullingMask:
    serializedVersion: 2
    m_Bits: 4294967295
  m_Lightmapping: 4
  m_LightShadowCasterMode: 0
  m_AreaSize: {x: 1, y: 1}
  m_BounceIntensity: 1
  m_ColorTemperature: 6570
  m_UseColorTemperature: 0
  m_ShadowRadius: 0
  m_ShadowAngle: 0
--- !u!4 &1196132669
Transform:
  m_ObjectHideFlags: 0
  m_CorrespondingSourceObject: {fileID: 0}
  m_PrefabInstance: {fileID: 0}
  m_PrefabAsset: {fileID: 0}
  m_GameObject: {fileID: 1196132667}
  m_LocalRotation: {x: 0.49515998, y: -0.56386834, z: 0.19090138, w: 0.632792}
  m_LocalPosition: {x: 308.75, y: 0, z: 294.9}
  m_LocalScale: {x: 1, y: 1, z: 1}
  m_Children: []
  m_Father: {fileID: 0}
  m_RootOrder: 3
  m_LocalEulerAnglesHint: {x: 57.347004, y: 256.46698, z: 324.044}
--- !u!1001 &1270903476
PrefabInstance:
  m_ObjectHideFlags: 0
  serializedVersion: 2
  m_Modification:
    m_TransformParent: {fileID: 1050601336}
    m_Modifications:
    - target: {fileID: 100000, guid: 18260f31ac293de42a81915865960045, type: 3}
      propertyPath: m_Name
      value: Column_Arena_BS (3)
      objectReference: {fileID: 0}
    - target: {fileID: 400000, guid: 18260f31ac293de42a81915865960045, type: 3}
      propertyPath: m_LocalPosition.x
      value: -14.4999695
      objectReference: {fileID: 0}
    - target: {fileID: 400000, guid: 18260f31ac293de42a81915865960045, type: 3}
      propertyPath: m_LocalPosition.y
      value: -5.1483727
      objectReference: {fileID: 0}
    - target: {fileID: 400000, guid: 18260f31ac293de42a81915865960045, type: 3}
      propertyPath: m_LocalPosition.z
      value: -7.510071
      objectReference: {fileID: 0}
    - target: {fileID: 400000, guid: 18260f31ac293de42a81915865960045, type: 3}
      propertyPath: m_LocalRotation.x
      value: -0
      objectReference: {fileID: 0}
    - target: {fileID: 400000, guid: 18260f31ac293de42a81915865960045, type: 3}
      propertyPath: m_LocalRotation.y
      value: -0
      objectReference: {fileID: 0}
    - target: {fileID: 400000, guid: 18260f31ac293de42a81915865960045, type: 3}
      propertyPath: m_LocalRotation.z
      value: -0
      objectReference: {fileID: 0}
    - target: {fileID: 400000, guid: 18260f31ac293de42a81915865960045, type: 3}
      propertyPath: m_LocalRotation.w
      value: 1
      objectReference: {fileID: 0}
    - target: {fileID: 400000, guid: 18260f31ac293de42a81915865960045, type: 3}
      propertyPath: m_RootOrder
      value: 11
      objectReference: {fileID: 0}
    - target: {fileID: 400000, guid: 18260f31ac293de42a81915865960045, type: 3}
      propertyPath: m_LocalEulerAnglesHint.x
      value: 0
      objectReference: {fileID: 0}
    - target: {fileID: 400000, guid: 18260f31ac293de42a81915865960045, type: 3}
      propertyPath: m_LocalEulerAnglesHint.y
      value: 0
      objectReference: {fileID: 0}
    - target: {fileID: 400000, guid: 18260f31ac293de42a81915865960045, type: 3}
      propertyPath: m_LocalEulerAnglesHint.z
      value: 0
      objectReference: {fileID: 0}
    m_RemovedComponents: []
  m_SourcePrefab: {fileID: 100100000, guid: 18260f31ac293de42a81915865960045, type: 3}
--- !u!4 &1270903477 stripped
Transform:
  m_CorrespondingSourceObject: {fileID: 400000, guid: 18260f31ac293de42a81915865960045,
    type: 3}
  m_PrefabInstance: {fileID: 1270903476}
  m_PrefabAsset: {fileID: 0}
--- !u!1 &1289001693
GameObject:
  m_ObjectHideFlags: 0
  m_CorrespondingSourceObject: {fileID: 0}
  m_PrefabInstance: {fileID: 0}
  m_PrefabAsset: {fileID: 0}
  serializedVersion: 6
  m_Component:
  - component: {fileID: 1289001695}
  - component: {fileID: 1289001694}
  m_Layer: 0
  m_Name: Reflection Probe (3)
  m_TagString: Untagged
  m_Icon: {fileID: 0}
  m_NavMeshLayer: 0
  m_StaticEditorFlags: 0
  m_IsActive: 1
--- !u!215 &1289001694
ReflectionProbe:
  m_ObjectHideFlags: 0
  m_CorrespondingSourceObject: {fileID: 0}
  m_PrefabInstance: {fileID: 0}
  m_PrefabAsset: {fileID: 0}
  m_GameObject: {fileID: 1289001693}
  m_Enabled: 1
  serializedVersion: 2
  m_Type: 0
  m_Mode: 0
  m_RefreshMode: 0
  m_TimeSlicingMode: 0
  m_Resolution: 128
  m_UpdateFrequency: 0
  m_BoxSize: {x: 16.49, y: 12.6, z: 17.53}
  m_BoxOffset: {x: 0, y: 0, z: 0}
  m_NearClip: 0.3
  m_FarClip: 1000
  m_ShadowDistance: 100
  m_ClearFlags: 1
  m_BackGroundColor: {r: 0.19215687, g: 0.3019608, b: 0.4745098, a: 0}
  m_CullingMask:
    serializedVersion: 2
    m_Bits: 4294967295
  m_IntensityMultiplier: 1
  m_BlendDistance: 1
  m_HDR: 1
  m_BoxProjection: 0
  m_RenderDynamicObjects: 0
  m_UseOcclusionCulling: 1
  m_Importance: 1
  m_CustomBakedTexture: {fileID: 0}
--- !u!4 &1289001695
Transform:
  m_ObjectHideFlags: 0
  m_CorrespondingSourceObject: {fileID: 0}
  m_PrefabInstance: {fileID: 0}
  m_PrefabAsset: {fileID: 0}
  m_GameObject: {fileID: 1289001693}
  m_LocalRotation: {x: -0, y: -0, z: -0, w: 1}
  m_LocalPosition: {x: -1.4399719, y: -0.22837257, z: -0.32006836}
  m_LocalScale: {x: 1, y: 1, z: 3.7797084}
  m_Children: []
  m_Father: {fileID: 1050601336}
  m_RootOrder: 17
  m_LocalEulerAnglesHint: {x: 0, y: 0, z: 0}
--- !u!1001 &1311077680
PrefabInstance:
  m_ObjectHideFlags: 0
  serializedVersion: 2
  m_Modification:
    m_TransformParent: {fileID: 1050601336}
    m_Modifications:
    - target: {fileID: 100012, guid: 982f0d7bbd15170419e642ed586958a7, type: 3}
      propertyPath: m_Name
      value: Wall_Angle_Door_Corridor_Arena_BS (2)
      objectReference: {fileID: 0}
    - target: {fileID: 400000, guid: 982f0d7bbd15170419e642ed586958a7, type: 3}
      propertyPath: m_LocalRotation.x
      value: -0
      objectReference: {fileID: 0}
    - target: {fileID: 400000, guid: 982f0d7bbd15170419e642ed586958a7, type: 3}
      propertyPath: m_LocalRotation.y
      value: -0.50683254
      objectReference: {fileID: 0}
    - target: {fileID: 400000, guid: 982f0d7bbd15170419e642ed586958a7, type: 3}
      propertyPath: m_LocalRotation.w
      value: 0.8620446
      objectReference: {fileID: 0}
    - target: {fileID: 400000, guid: 982f0d7bbd15170419e642ed586958a7, type: 3}
      propertyPath: m_LocalEulerAnglesHint.y
      value: -60.906002
      objectReference: {fileID: 0}
    - target: {fileID: 400002, guid: 982f0d7bbd15170419e642ed586958a7, type: 3}
      propertyPath: m_LocalRotation.x
      value: -1.9456079e-17
      objectReference: {fileID: 0}
    - target: {fileID: 400002, guid: 982f0d7bbd15170419e642ed586958a7, type: 3}
      propertyPath: m_LocalRotation.y
      value: 0.5301574
      objectReference: {fileID: 0}
    - target: {fileID: 400002, guid: 982f0d7bbd15170419e642ed586958a7, type: 3}
      propertyPath: m_LocalRotation.z
      value: -8.438165e-17
      objectReference: {fileID: 0}
    - target: {fileID: 400002, guid: 982f0d7bbd15170419e642ed586958a7, type: 3}
      propertyPath: m_LocalRotation.w
      value: 0.84789926
      objectReference: {fileID: 0}
    - target: {fileID: 400002, guid: 982f0d7bbd15170419e642ed586958a7, type: 3}
      propertyPath: m_LocalEulerAnglesHint.y
      value: 64.032005
      objectReference: {fileID: 0}
    - target: {fileID: 400004, guid: 982f0d7bbd15170419e642ed586958a7, type: 3}
      propertyPath: m_LocalRotation.x
      value: -0
      objectReference: {fileID: 0}
    - target: {fileID: 400004, guid: 982f0d7bbd15170419e642ed586958a7, type: 3}
      propertyPath: m_LocalRotation.y
      value: 0.56585014
      objectReference: {fileID: 0}
    - target: {fileID: 400004, guid: 982f0d7bbd15170419e642ed586958a7, type: 3}
      propertyPath: m_LocalRotation.w
      value: 0.8245082
      objectReference: {fileID: 0}
    - target: {fileID: 400004, guid: 982f0d7bbd15170419e642ed586958a7, type: 3}
      propertyPath: m_LocalEulerAnglesHint.y
      value: 68.923004
      objectReference: {fileID: 0}
    - target: {fileID: 400006, guid: 982f0d7bbd15170419e642ed586958a7, type: 3}
      propertyPath: m_LocalRotation.x
      value: 8.578471e-17
      objectReference: {fileID: 0}
    - target: {fileID: 400006, guid: 982f0d7bbd15170419e642ed586958a7, type: 3}
      propertyPath: m_LocalRotation.y
      value: 0.6039425
      objectReference: {fileID: 0}
    - target: {fileID: 400006, guid: 982f0d7bbd15170419e642ed586958a7, type: 3}
      propertyPath: m_LocalRotation.z
      value: 1.1823078e-17
      objectReference: {fileID: 0}
    - target: {fileID: 400006, guid: 982f0d7bbd15170419e642ed586958a7, type: 3}
      propertyPath: m_LocalRotation.w
      value: -0.79702795
      objectReference: {fileID: 0}
    - target: {fileID: 400006, guid: 982f0d7bbd15170419e642ed586958a7, type: 3}
      propertyPath: m_LocalEulerAnglesHint.y
      value: -74.306
      objectReference: {fileID: 0}
    - target: {fileID: 400012, guid: 982f0d7bbd15170419e642ed586958a7, type: 3}
      propertyPath: m_LocalPosition.x
      value: -19.279968
      objectReference: {fileID: 0}
    - target: {fileID: 400012, guid: 982f0d7bbd15170419e642ed586958a7, type: 3}
      propertyPath: m_LocalPosition.y
      value: -4.859525
      objectReference: {fileID: 0}
    - target: {fileID: 400012, guid: 982f0d7bbd15170419e642ed586958a7, type: 3}
      propertyPath: m_LocalPosition.z
      value: 0.3899231
      objectReference: {fileID: 0}
    - target: {fileID: 400012, guid: 982f0d7bbd15170419e642ed586958a7, type: 3}
      propertyPath: m_LocalRotation.x
      value: -0
      objectReference: {fileID: 0}
    - target: {fileID: 400012, guid: 982f0d7bbd15170419e642ed586958a7, type: 3}
      propertyPath: m_LocalRotation.y
      value: 0.70710456
      objectReference: {fileID: 0}
    - target: {fileID: 400012, guid: 982f0d7bbd15170419e642ed586958a7, type: 3}
      propertyPath: m_LocalRotation.z
      value: -0
      objectReference: {fileID: 0}
    - target: {fileID: 400012, guid: 982f0d7bbd15170419e642ed586958a7, type: 3}
      propertyPath: m_LocalRotation.w
      value: 0.70710903
      objectReference: {fileID: 0}
    - target: {fileID: 400012, guid: 982f0d7bbd15170419e642ed586958a7, type: 3}
      propertyPath: m_RootOrder
      value: 7
      objectReference: {fileID: 0}
    - target: {fileID: 400012, guid: 982f0d7bbd15170419e642ed586958a7, type: 3}
      propertyPath: m_LocalEulerAnglesHint.x
      value: 0
      objectReference: {fileID: 0}
    - target: {fileID: 400012, guid: 982f0d7bbd15170419e642ed586958a7, type: 3}
      propertyPath: m_LocalEulerAnglesHint.y
      value: 90.00001
      objectReference: {fileID: 0}
    - target: {fileID: 400012, guid: 982f0d7bbd15170419e642ed586958a7, type: 3}
      propertyPath: m_LocalEulerAnglesHint.z
      value: 0
      objectReference: {fileID: 0}
    m_RemovedComponents: []
  m_SourcePrefab: {fileID: 100100000, guid: 982f0d7bbd15170419e642ed586958a7, type: 3}
--- !u!4 &1311077681 stripped
Transform:
  m_CorrespondingSourceObject: {fileID: 400012, guid: 982f0d7bbd15170419e642ed586958a7,
    type: 3}
  m_PrefabInstance: {fileID: 1311077680}
  m_PrefabAsset: {fileID: 0}
--- !u!1001 &1507473556
PrefabInstance:
  m_ObjectHideFlags: 0
  serializedVersion: 2
  m_Modification:
    m_TransformParent: {fileID: 1050601336}
    m_Modifications:
    - target: {fileID: 100000, guid: 18260f31ac293de42a81915865960045, type: 3}
      propertyPath: m_Name
      value: Column_Arena_BS (2)
      objectReference: {fileID: 0}
    - target: {fileID: 400000, guid: 18260f31ac293de42a81915865960045, type: 3}
      propertyPath: m_LocalPosition.x
      value: -5.350525
      objectReference: {fileID: 0}
    - target: {fileID: 400000, guid: 18260f31ac293de42a81915865960045, type: 3}
      propertyPath: m_LocalPosition.y
      value: -5.1483727
      objectReference: {fileID: 0}
    - target: {fileID: 400000, guid: 18260f31ac293de42a81915865960045, type: 3}
      propertyPath: m_LocalPosition.z
      value: -7.510071
      objectReference: {fileID: 0}
    - target: {fileID: 400000, guid: 18260f31ac293de42a81915865960045, type: 3}
      propertyPath: m_LocalRotation.x
      value: -0
      objectReference: {fileID: 0}
    - target: {fileID: 400000, guid: 18260f31ac293de42a81915865960045, type: 3}
      propertyPath: m_LocalRotation.y
      value: -0
      objectReference: {fileID: 0}
    - target: {fileID: 400000, guid: 18260f31ac293de42a81915865960045, type: 3}
      propertyPath: m_LocalRotation.z
      value: -0
      objectReference: {fileID: 0}
    - target: {fileID: 400000, guid: 18260f31ac293de42a81915865960045, type: 3}
      propertyPath: m_LocalRotation.w
      value: 1
      objectReference: {fileID: 0}
    - target: {fileID: 400000, guid: 18260f31ac293de42a81915865960045, type: 3}
      propertyPath: m_RootOrder
      value: 10
      objectReference: {fileID: 0}
    - target: {fileID: 400000, guid: 18260f31ac293de42a81915865960045, type: 3}
      propertyPath: m_LocalEulerAnglesHint.x
      value: 0
      objectReference: {fileID: 0}
    - target: {fileID: 400000, guid: 18260f31ac293de42a81915865960045, type: 3}
      propertyPath: m_LocalEulerAnglesHint.y
      value: 0
      objectReference: {fileID: 0}
    - target: {fileID: 400000, guid: 18260f31ac293de42a81915865960045, type: 3}
      propertyPath: m_LocalEulerAnglesHint.z
      value: 0
      objectReference: {fileID: 0}
    m_RemovedComponents: []
  m_SourcePrefab: {fileID: 100100000, guid: 18260f31ac293de42a81915865960045, type: 3}
--- !u!4 &1507473557 stripped
Transform:
  m_CorrespondingSourceObject: {fileID: 400000, guid: 18260f31ac293de42a81915865960045,
    type: 3}
  m_PrefabInstance: {fileID: 1507473556}
  m_PrefabAsset: {fileID: 0}
--- !u!1 &1583203167
GameObject:
  m_ObjectHideFlags: 0
  m_CorrespondingSourceObject: {fileID: 0}
  m_PrefabInstance: {fileID: 0}
  m_PrefabAsset: {fileID: 0}
  serializedVersion: 6
  m_Component:
  - component: {fileID: 1583203172}
  - component: {fileID: 1583203171}
  - component: {fileID: 1583203170}
  - component: {fileID: 1583203169}
  - component: {fileID: 1583203168}
  - component: {fileID: 1583203179}
  m_Layer: 0
  m_Name: Main Camera
  m_TagString: MainCamera
  m_Icon: {fileID: 0}
  m_NavMeshLayer: 0
  m_StaticEditorFlags: 0
  m_IsActive: 1
--- !u!81 &1583203168
AudioListener:
  m_ObjectHideFlags: 0
  m_CorrespondingSourceObject: {fileID: 0}
  m_PrefabInstance: {fileID: 0}
  m_PrefabAsset: {fileID: 0}
  m_GameObject: {fileID: 1583203167}
  m_Enabled: 1
--- !u!124 &1583203169
Behaviour:
  m_ObjectHideFlags: 0
  m_CorrespondingSourceObject: {fileID: 0}
  m_PrefabInstance: {fileID: 0}
  m_PrefabAsset: {fileID: 0}
  m_GameObject: {fileID: 1583203167}
  m_Enabled: 1
--- !u!92 &1583203170
Behaviour:
  m_ObjectHideFlags: 0
  m_CorrespondingSourceObject: {fileID: 0}
  m_PrefabInstance: {fileID: 0}
  m_PrefabAsset: {fileID: 0}
  m_GameObject: {fileID: 1583203167}
  m_Enabled: 1
--- !u!20 &1583203171
Camera:
  m_ObjectHideFlags: 0
  m_CorrespondingSourceObject: {fileID: 0}
  m_PrefabInstance: {fileID: 0}
  m_PrefabAsset: {fileID: 0}
  m_GameObject: {fileID: 1583203167}
  m_Enabled: 1
  serializedVersion: 2
  m_ClearFlags: 1
  m_BackGroundColor: {r: 0.19215687, g: 0.3019608, b: 0.4745098, a: 0}
  m_projectionMatrixMode: 1
  m_SensorSize: {x: 36, y: 24}
  m_LensShift: {x: 0, y: 0}
  m_GateFitMode: 2
  m_FocalLength: 50
  m_NormalizedViewPortRect:
    serializedVersion: 2
    x: 0
    y: 0
    width: 1
    height: 1
  near clip plane: 0.3
  far clip plane: 1000
  field of view: 60
  orthographic: 0
  orthographic size: 5
  m_Depth: -1
  m_CullingMask:
    serializedVersion: 2
    m_Bits: 4294967295
  m_RenderingPath: -1
  m_TargetTexture: {fileID: 0}
  m_TargetDisplay: 0
  m_TargetEye: 3
  m_HDR: 1
  m_AllowMSAA: 1
  m_AllowDynamicResolution: 0
  m_ForceIntoRT: 0
  m_OcclusionCulling: 1
  m_StereoConvergence: 10
  m_StereoSeparation: 0.022
--- !u!4 &1583203172
Transform:
  m_ObjectHideFlags: 0
  m_CorrespondingSourceObject: {fileID: 0}
  m_PrefabInstance: {fileID: 0}
  m_PrefabAsset: {fileID: 0}
  m_GameObject: {fileID: 1583203167}
  m_LocalRotation: {x: -0, y: -0, z: -0, w: 1}
  m_LocalPosition: {x: 299.18, y: 5.18, z: 284.36}
  m_LocalScale: {x: 1, y: 1, z: 1}
  m_Children: []
  m_Father: {fileID: 0}
  m_RootOrder: 4
  m_LocalEulerAnglesHint: {x: 0, y: 0, z: 0}
--- !u!95 &1583203179
Animator:
  serializedVersion: 3
  m_ObjectHideFlags: 0
  m_CorrespondingSourceObject: {fileID: 0}
  m_PrefabInstance: {fileID: 0}
  m_PrefabAsset: {fileID: 0}
  m_GameObject: {fileID: 1583203167}
  m_Enabled: 1
  m_Avatar: {fileID: 0}
  m_Controller: {fileID: 9100000, guid: ea7d8fb2b393172459c920dcf786599a, type: 2}
  m_CullingMode: 0
  m_UpdateMode: 0
  m_ApplyRootMotion: 0
  m_LinearVelocityBlending: 0
  m_WarningMessage: 
  m_HasTransformHierarchy: 1
  m_AllowConstantClipSamplingOptimization: 1
  m_KeepAnimatorControllerStateOnDisable: 0
--- !u!1001 &1770855229
PrefabInstance:
  m_ObjectHideFlags: 0
  serializedVersion: 2
  m_Modification:
    m_TransformParent: {fileID: 1050601336}
    m_Modifications:
    - target: {fileID: 1913667286841148, guid: 75a206113e0a086479e4dbc13184ca74, type: 3}
      propertyPath: m_Name
      value: Particle_Dust (3)
      objectReference: {fileID: 0}
    - target: {fileID: 4394913648738100, guid: 75a206113e0a086479e4dbc13184ca74, type: 3}
      propertyPath: m_LocalPosition.x
      value: -9.432617
      objectReference: {fileID: 0}
    - target: {fileID: 4394913648738100, guid: 75a206113e0a086479e4dbc13184ca74, type: 3}
      propertyPath: m_LocalPosition.y
      value: -4.8583727
      objectReference: {fileID: 0}
    - target: {fileID: 4394913648738100, guid: 75a206113e0a086479e4dbc13184ca74, type: 3}
      propertyPath: m_LocalPosition.z
      value: -14.9166565
      objectReference: {fileID: 0}
    - target: {fileID: 4394913648738100, guid: 75a206113e0a086479e4dbc13184ca74, type: 3}
      propertyPath: m_LocalRotation.x
      value: -0.503082
      objectReference: {fileID: 0}
    - target: {fileID: 4394913648738100, guid: 75a206113e0a086479e4dbc13184ca74, type: 3}
      propertyPath: m_LocalRotation.y
      value: -0.49689892
      objectReference: {fileID: 0}
    - target: {fileID: 4394913648738100, guid: 75a206113e0a086479e4dbc13184ca74, type: 3}
      propertyPath: m_LocalRotation.z
      value: -0.49689892
      objectReference: {fileID: 0}
    - target: {fileID: 4394913648738100, guid: 75a206113e0a086479e4dbc13184ca74, type: 3}
      propertyPath: m_LocalRotation.w
      value: 0.503082
      objectReference: {fileID: 0}
    - target: {fileID: 4394913648738100, guid: 75a206113e0a086479e4dbc13184ca74, type: 3}
      propertyPath: m_RootOrder
      value: 2
      objectReference: {fileID: 0}
    - target: {fileID: 4394913648738100, guid: 75a206113e0a086479e4dbc13184ca74, type: 3}
      propertyPath: m_LocalEulerAnglesHint.x
      value: -90.00001
      objectReference: {fileID: 0}
    - target: {fileID: 4394913648738100, guid: 75a206113e0a086479e4dbc13184ca74, type: 3}
      propertyPath: m_LocalEulerAnglesHint.y
      value: 0
      objectReference: {fileID: 0}
    - target: {fileID: 4394913648738100, guid: 75a206113e0a086479e4dbc13184ca74, type: 3}
      propertyPath: m_LocalEulerAnglesHint.z
      value: -89.29101
      objectReference: {fileID: 0}
    - target: {fileID: 198663603719650742, guid: 75a206113e0a086479e4dbc13184ca74,
        type: 3}
      propertyPath: playOnAwake
      value: 0
      objectReference: {fileID: 0}
    m_RemovedComponents: []
  m_SourcePrefab: {fileID: 100100000, guid: 75a206113e0a086479e4dbc13184ca74, type: 3}
--- !u!4 &1770855230 stripped
Transform:
  m_CorrespondingSourceObject: {fileID: 4394913648738100, guid: 75a206113e0a086479e4dbc13184ca74,
    type: 3}
  m_PrefabInstance: {fileID: 1770855229}
  m_PrefabAsset: {fileID: 0}
--- !u!1001 &2041702189
PrefabInstance:
  m_ObjectHideFlags: 0
  serializedVersion: 2
  m_Modification:
    m_TransformParent: {fileID: 1050601336}
    m_Modifications:
    - target: {fileID: 1530151402923332, guid: f843e16b504ac5748bc5bfc3748c9e4f, type: 3}
      propertyPath: m_Name
      value: Particle_Dust (2)
      objectReference: {fileID: 0}
    - target: {fileID: 4270529496732170, guid: f843e16b504ac5748bc5bfc3748c9e4f, type: 3}
      propertyPath: m_LocalPosition.x
      value: -9.473236
      objectReference: {fileID: 0}
    - target: {fileID: 4270529496732170, guid: f843e16b504ac5748bc5bfc3748c9e4f, type: 3}
      propertyPath: m_LocalPosition.y
      value: -4.8583717
      objectReference: {fileID: 0}
    - target: {fileID: 4270529496732170, guid: f843e16b504ac5748bc5bfc3748c9e4f, type: 3}
      propertyPath: m_LocalPosition.z
      value: -15.081055
      objectReference: {fileID: 0}
    - target: {fileID: 4270529496732170, guid: f843e16b504ac5748bc5bfc3748c9e4f, type: 3}
      propertyPath: m_LocalRotation.x
      value: -0.503082
      objectReference: {fileID: 0}
    - target: {fileID: 4270529496732170, guid: f843e16b504ac5748bc5bfc3748c9e4f, type: 3}
      propertyPath: m_LocalRotation.y
      value: -0.49689892
      objectReference: {fileID: 0}
    - target: {fileID: 4270529496732170, guid: f843e16b504ac5748bc5bfc3748c9e4f, type: 3}
      propertyPath: m_LocalRotation.z
      value: -0.49689892
      objectReference: {fileID: 0}
    - target: {fileID: 4270529496732170, guid: f843e16b504ac5748bc5bfc3748c9e4f, type: 3}
      propertyPath: m_LocalRotation.w
      value: 0.503082
      objectReference: {fileID: 0}
    - target: {fileID: 4270529496732170, guid: f843e16b504ac5748bc5bfc3748c9e4f, type: 3}
      propertyPath: m_RootOrder
      value: 1
      objectReference: {fileID: 0}
    - target: {fileID: 4270529496732170, guid: f843e16b504ac5748bc5bfc3748c9e4f, type: 3}
      propertyPath: m_LocalEulerAnglesHint.x
      value: -90.00001
      objectReference: {fileID: 0}
    - target: {fileID: 4270529496732170, guid: f843e16b504ac5748bc5bfc3748c9e4f, type: 3}
      propertyPath: m_LocalEulerAnglesHint.y
      value: 0
      objectReference: {fileID: 0}
    - target: {fileID: 4270529496732170, guid: f843e16b504ac5748bc5bfc3748c9e4f, type: 3}
      propertyPath: m_LocalEulerAnglesHint.z
      value: -89.29101
      objectReference: {fileID: 0}
    m_RemovedComponents: []
  m_SourcePrefab: {fileID: 100100000, guid: f843e16b504ac5748bc5bfc3748c9e4f, type: 3}
--- !u!4 &2041702190 stripped
Transform:
  m_CorrespondingSourceObject: {fileID: 4270529496732170, guid: f843e16b504ac5748bc5bfc3748c9e4f,
    type: 3}
  m_PrefabInstance: {fileID: 2041702189}
  m_PrefabAsset: {fileID: 0}
--- !u!1 &2092941574
GameObject:
  m_ObjectHideFlags: 0
  m_CorrespondingSourceObject: {fileID: 0}
  m_PrefabInstance: {fileID: 0}
  m_PrefabAsset: {fileID: 0}
  serializedVersion: 6
  m_Component:
  - component: {fileID: 2092941576}
  - component: {fileID: 2092941575}
  m_Layer: 0
  m_Name: Reflection Probe (4)
  m_TagString: Untagged
  m_Icon: {fileID: 0}
  m_NavMeshLayer: 0
  m_StaticEditorFlags: 0
  m_IsActive: 1
--- !u!215 &2092941575
ReflectionProbe:
  m_ObjectHideFlags: 0
  m_CorrespondingSourceObject: {fileID: 0}
  m_PrefabInstance: {fileID: 0}
  m_PrefabAsset: {fileID: 0}
  m_GameObject: {fileID: 2092941574}
  m_Enabled: 1
  serializedVersion: 2
  m_Type: 0
  m_Mode: 0
  m_RefreshMode: 0
  m_TimeSlicingMode: 0
  m_Resolution: 128
  m_UpdateFrequency: 0
  m_BoxSize: {x: 16.49, y: 12.6, z: 17.53}
  m_BoxOffset: {x: 0, y: 0, z: 0}
  m_NearClip: 0.3
  m_FarClip: 1000
  m_ShadowDistance: 100
  m_ClearFlags: 1
  m_BackGroundColor: {r: 0.19215687, g: 0.3019608, b: 0.4745098, a: 0}
  m_CullingMask:
    serializedVersion: 2
    m_Bits: 4294967295
  m_IntensityMultiplier: 1
  m_BlendDistance: 1
  m_HDR: 1
  m_BoxProjection: 0
  m_RenderDynamicObjects: 0
  m_UseOcclusionCulling: 1
  m_Importance: 1
  m_CustomBakedTexture: {fileID: 0}
--- !u!4 &2092941576
Transform:
  m_ObjectHideFlags: 0
  m_CorrespondingSourceObject: {fileID: 0}
  m_PrefabInstance: {fileID: 0}
  m_PrefabAsset: {fileID: 0}
  m_GameObject: {fileID: 2092941574}
  m_LocalRotation: {x: -0, y: -0, z: -0, w: 1}
  m_LocalPosition: {x: -1.4399719, y: -0.22837257, z: -31.51007}
  m_LocalScale: {x: 1, y: 1, z: 3.7797084}
  m_Children: []
  m_Father: {fileID: 1050601336}
  m_RootOrder: 18
  m_LocalEulerAnglesHint: {x: 0, y: 0, z: 0}
--- !u!1001 &2138890871
PrefabInstance:
  m_ObjectHideFlags: 0
  serializedVersion: 2
  m_Modification:
    m_TransformParent: {fileID: 1050601336}
    m_Modifications:
    - target: {fileID: 100000, guid: 6c13e52c47af76e409cbb0c1cac96214, type: 3}
      propertyPath: m_Name
      value: Wall_Angle_Windows_Arena_BS (1)
      objectReference: {fileID: 0}
    - target: {fileID: 400000, guid: 6c13e52c47af76e409cbb0c1cac96214, type: 3}
      propertyPath: m_LocalPosition.x
      value: -19.679962
      objectReference: {fileID: 0}
    - target: {fileID: 400000, guid: 6c13e52c47af76e409cbb0c1cac96214, type: 3}
      propertyPath: m_LocalPosition.y
      value: -4.8583727
      objectReference: {fileID: 0}
    - target: {fileID: 400000, guid: 6c13e52c47af76e409cbb0c1cac96214, type: 3}
      propertyPath: m_LocalPosition.z
      value: -32.340088
      objectReference: {fileID: 0}
    - target: {fileID: 400000, guid: 6c13e52c47af76e409cbb0c1cac96214, type: 3}
      propertyPath: m_LocalRotation.x
      value: -0
      objectReference: {fileID: 0}
    - target: {fileID: 400000, guid: 6c13e52c47af76e409cbb0c1cac96214, type: 3}
      propertyPath: m_LocalRotation.y
      value: -0
      objectReference: {fileID: 0}
    - target: {fileID: 400000, guid: 6c13e52c47af76e409cbb0c1cac96214, type: 3}
      propertyPath: m_LocalRotation.z
      value: -0
      objectReference: {fileID: 0}
    - target: {fileID: 400000, guid: 6c13e52c47af76e409cbb0c1cac96214, type: 3}
      propertyPath: m_LocalRotation.w
      value: 1
      objectReference: {fileID: 0}
    - target: {fileID: 400000, guid: 6c13e52c47af76e409cbb0c1cac96214, type: 3}
      propertyPath: m_RootOrder
      value: 0
      objectReference: {fileID: 0}
    - target: {fileID: 400000, guid: 6c13e52c47af76e409cbb0c1cac96214, type: 3}
      propertyPath: m_LocalEulerAnglesHint.x
      value: 0
      objectReference: {fileID: 0}
    - target: {fileID: 400000, guid: 6c13e52c47af76e409cbb0c1cac96214, type: 3}
      propertyPath: m_LocalEulerAnglesHint.y
      value: 0
      objectReference: {fileID: 0}
    - target: {fileID: 400000, guid: 6c13e52c47af76e409cbb0c1cac96214, type: 3}
      propertyPath: m_LocalEulerAnglesHint.z
      value: 0
      objectReference: {fileID: 0}
    m_RemovedComponents: []
  m_SourcePrefab: {fileID: 100100000, guid: 6c13e52c47af76e409cbb0c1cac96214, type: 3}
--- !u!4 &2138890872 stripped
Transform:
  m_CorrespondingSourceObject: {fileID: 400000, guid: 6c13e52c47af76e409cbb0c1cac96214,
    type: 3}
  m_PrefabInstance: {fileID: 2138890871}
  m_PrefabAsset: {fileID: 0}
